%YAML 1.1
%TAG !u! tag:unity3d.com,2011:
--- !u!29 &1
OcclusionCullingSettings:
  m_ObjectHideFlags: 0
  serializedVersion: 2
  m_OcclusionBakeSettings:
    smallestOccluder: 5
    smallestHole: 0.25
    backfaceThreshold: 100
  m_SceneGUID: 00000000000000000000000000000000
  m_OcclusionCullingData: {fileID: 0}
--- !u!104 &2
RenderSettings:
  m_ObjectHideFlags: 0
  serializedVersion: 9
  m_Fog: 0
  m_FogColor: {r: 0.5, g: 0.5, b: 0.5, a: 1}
  m_FogMode: 3
  m_FogDensity: 0.01
  m_LinearFogStart: 0
  m_LinearFogEnd: 300
  m_AmbientSkyColor: {r: 0.212, g: 0.227, b: 0.259, a: 1}
  m_AmbientEquatorColor: {r: 0.114, g: 0.125, b: 0.133, a: 1}
  m_AmbientGroundColor: {r: 0.047, g: 0.043, b: 0.035, a: 1}
  m_AmbientIntensity: 1
  m_AmbientMode: 0
  m_SubtractiveShadowColor: {r: 0.42, g: 0.478, b: 0.627, a: 1}
  m_SkyboxMaterial: {fileID: 10304, guid: 0000000000000000f000000000000000, type: 0}
  m_HaloStrength: 0.5
  m_FlareStrength: 1
  m_FlareFadeSpeed: 3
  m_HaloTexture: {fileID: 0}
  m_SpotCookie: {fileID: 10001, guid: 0000000000000000e000000000000000, type: 0}
  m_DefaultReflectionMode: 0
  m_DefaultReflectionResolution: 128
  m_ReflectionBounces: 1
  m_ReflectionIntensity: 1
  m_CustomReflection: {fileID: 0}
  m_Sun: {fileID: 0}
  m_IndirectSpecularColor: {r: 0.37311953, g: 0.38074014, b: 0.3587274, a: 1}
  m_UseRadianceAmbientProbe: 0
--- !u!157 &3
LightmapSettings:
  m_ObjectHideFlags: 0
  serializedVersion: 12
  m_GIWorkflowMode: 1
  m_GISettings:
    serializedVersion: 2
    m_BounceScale: 1
    m_IndirectOutputScale: 1
    m_AlbedoBoost: 1
    m_EnvironmentLightingMode: 0
    m_EnableBakedLightmaps: 1
    m_EnableRealtimeLightmaps: 0
  m_LightmapEditorSettings:
    serializedVersion: 12
    m_Resolution: 2
    m_BakeResolution: 40
    m_AtlasSize: 1024
    m_AO: 0
    m_AOMaxDistance: 1
    m_CompAOExponent: 1
    m_CompAOExponentDirect: 0
    m_ExtractAmbientOcclusion: 0
    m_Padding: 2
    m_LightmapParameters: {fileID: 0}
    m_LightmapsBakeMode: 1
    m_TextureCompression: 1
    m_FinalGather: 0
    m_FinalGatherFiltering: 1
    m_FinalGatherRayCount: 256
    m_ReflectionCompression: 2
    m_MixedBakeMode: 2
    m_BakeBackend: 1
    m_PVRSampling: 1
    m_PVRDirectSampleCount: 32
    m_PVRSampleCount: 512
    m_PVRBounces: 2
    m_PVREnvironmentSampleCount: 256
    m_PVREnvironmentReferencePointCount: 2048
    m_PVRFilteringMode: 1
    m_PVRDenoiserTypeDirect: 1
    m_PVRDenoiserTypeIndirect: 1
    m_PVRDenoiserTypeAO: 1
    m_PVRFilterTypeDirect: 0
    m_PVRFilterTypeIndirect: 0
    m_PVRFilterTypeAO: 0
    m_PVREnvironmentMIS: 1
    m_PVRCulling: 1
    m_PVRFilteringGaussRadiusDirect: 1
    m_PVRFilteringGaussRadiusIndirect: 5
    m_PVRFilteringGaussRadiusAO: 2
    m_PVRFilteringAtrousPositionSigmaDirect: 0.5
    m_PVRFilteringAtrousPositionSigmaIndirect: 2
    m_PVRFilteringAtrousPositionSigmaAO: 1
    m_ExportTrainingData: 0
    m_TrainingDataDestination: TrainingData
    m_LightProbeSampleCountMultiplier: 4
  m_LightingDataAsset: {fileID: 0}
  m_LightingSettings: {fileID: 0}
--- !u!196 &4
NavMeshSettings:
  serializedVersion: 2
  m_ObjectHideFlags: 0
  m_BuildSettings:
    serializedVersion: 2
    agentTypeID: 0
    agentRadius: 0.5
    agentHeight: 2
    agentSlope: 45
    agentClimb: 0.4
    ledgeDropHeight: 0
    maxJumpAcrossDistance: 0
    minRegionArea: 2
    manualCellSize: 0
    cellSize: 0.16666667
    manualTileSize: 0
    tileSize: 256
    accuratePlacement: 0
    maxJobWorkers: 0
    preserveTilesOutsideBounds: 0
    debug:
      m_Flags: 0
  m_NavMeshData: {fileID: 0}
--- !u!1 &15098446
GameObject:
  m_ObjectHideFlags: 0
  m_CorrespondingSourceObject: {fileID: 0}
  m_PrefabInstance: {fileID: 0}
  m_PrefabAsset: {fileID: 0}
  serializedVersion: 6
  m_Component:
  - component: {fileID: 15098447}
  m_Layer: 0
  m_Name: Enemies
  m_TagString: Untagged
  m_Icon: {fileID: 0}
  m_NavMeshLayer: 0
  m_StaticEditorFlags: 0
  m_IsActive: 0
--- !u!4 &15098447
Transform:
  m_ObjectHideFlags: 0
  m_CorrespondingSourceObject: {fileID: 0}
  m_PrefabInstance: {fileID: 0}
  m_PrefabAsset: {fileID: 0}
  m_GameObject: {fileID: 15098446}
  m_LocalRotation: {x: 0, y: 0, z: 0, w: 1}
  m_LocalPosition: {x: 0, y: 0, z: 144.2}
  m_LocalScale: {x: 1, y: 1, z: 1}
  m_ConstrainProportionsScale: 0
  m_Children:
  - {fileID: 1400943977218662216}
  m_Father: {fileID: 0}
  m_RootOrder: 4
  m_LocalEulerAnglesHint: {x: 0, y: 0, z: 0}
--- !u!1 &350402055
GameObject:
  m_ObjectHideFlags: 0
  m_CorrespondingSourceObject: {fileID: 0}
  m_PrefabInstance: {fileID: 0}
  m_PrefabAsset: {fileID: 0}
  serializedVersion: 6
  m_Component:
  - component: {fileID: 350402056}
  m_Layer: 0
  m_Name: Traps
  m_TagString: Untagged
  m_Icon: {fileID: 0}
  m_NavMeshLayer: 0
  m_StaticEditorFlags: 0
  m_IsActive: 0
--- !u!4 &350402056
Transform:
  m_ObjectHideFlags: 0
  m_CorrespondingSourceObject: {fileID: 0}
  m_PrefabInstance: {fileID: 0}
  m_PrefabAsset: {fileID: 0}
  m_GameObject: {fileID: 350402055}
  m_LocalRotation: {x: 0, y: 0, z: 0, w: 1}
  m_LocalPosition: {x: 0, y: 0, z: 89.2}
  m_LocalScale: {x: 1, y: 1, z: 1}
  m_ConstrainProportionsScale: 0
  m_Children:
  - {fileID: 1400943976602532026}
  m_Father: {fileID: 0}
  m_RootOrder: 3
  m_LocalEulerAnglesHint: {x: 0, y: 0, z: 0}
--- !u!1 &375315182
GameObject:
  m_ObjectHideFlags: 0
  m_CorrespondingSourceObject: {fileID: 0}
  m_PrefabInstance: {fileID: 0}
  m_PrefabAsset: {fileID: 0}
  serializedVersion: 6
  m_Component:
  - component: {fileID: 375315183}
  - component: {fileID: 375315184}
  m_Layer: 0
  m_Name: Generator
  m_TagString: Untagged
  m_Icon: {fileID: 0}
  m_NavMeshLayer: 0
  m_StaticEditorFlags: 0
  m_IsActive: 1
--- !u!4 &375315183
Transform:
  m_ObjectHideFlags: 0
  m_CorrespondingSourceObject: {fileID: 0}
  m_PrefabInstance: {fileID: 0}
  m_PrefabAsset: {fileID: 0}
  m_GameObject: {fileID: 375315182}
  m_LocalRotation: {x: 0, y: 0, z: 0, w: 1}
  m_LocalPosition: {x: 0, y: 0, z: 0}
  m_LocalScale: {x: 1, y: 1, z: 1}
  m_ConstrainProportionsScale: 0
  m_Children: []
  m_Father: {fileID: 0}
  m_RootOrder: 2
  m_LocalEulerAnglesHint: {x: 0, y: 0, z: 0}
--- !u!114 &375315184
MonoBehaviour:
  m_ObjectHideFlags: 0
  m_CorrespondingSourceObject: {fileID: 0}
  m_PrefabInstance: {fileID: 0}
  m_PrefabAsset: {fileID: 0}
  m_GameObject: {fileID: 375315182}
  m_Enabled: 1
  m_EditorHideFlags: 0
  m_Script: {fileID: 11500000, guid: 9d42630365a4299438a880ad612ac05a, type: 3}
  m_Name: 
  m_EditorClassIdentifier: 
  LootRoomPrefab: {fileID: 8438399662831575234, guid: 017efad1dbd6f9a499f4acefec8979a2, type: 3}
  BossRoomPrefab: {fileID: 7529208619317471051, guid: 4ca31a915d8730441930f5f5aa52f3a9, type: 3}
  PreBossRoomPrefab: {fileID: 6337895501926012093, guid: c61dd69d00ef58c47abca383016a89cf, type: 3}
  PrefabRoomEnemies: {fileID: 3667340100144875163, guid: 31840651ef09c47419938b232e7e1208, type: 3}
  PrefabRoomEnemiesTraps: {fileID: 7279489021326655521, guid: d93b44451b18b0a46a1a60e37e9af133, type: 3}
  PrefabRoomParkour: {fileID: 7173593784281629061, guid: cf06fc73794d44b4a950e7c136277fb1, type: 3}
  PrefabRoomMiniBoss: {fileID: 3962271895641040428, guid: e6576cffabd5cef4996b8711a2340591, type: 3}
  PrefabRoomPuzzleTraps: {fileID: 4019595363101580744, guid: 4417a1130fa01e640abd1598ec992cd5, type: 3}
  RoomEnemiesChance: 3
  RoomEnemiesTrapsChance: 5
  RoomParkourChance: 2
  RoomMiniBossChance: 1
  RoomPuzzleTrapsChance: 3
  m_RoomSize: 50
  m_NumberOfRoomsToGenerate: 15
  m_CurrentX: 25
  m_CurrentY: 25
  m_MustWalkUntilRoomNumberReached: 1
  m_Seed: 117793
  m_CurrentFurX: 25
  m_CurrentFurY: 25
  Easy_RoomsToGenerate: 5
  Medium_RoomsToGenerate: 9
  Hard_RoomsToGenerate: 14
  InitialRoomPrefab: {fileID: 7279489021326655521, guid: d93b44451b18b0a46a1a60e37e9af133, type: 3}
--- !u!1 &1195037744
GameObject:
  m_ObjectHideFlags: 0
  m_CorrespondingSourceObject: {fileID: 0}
  m_PrefabInstance: {fileID: 0}
  m_PrefabAsset: {fileID: 0}
  serializedVersion: 6
  m_Component:
  - component: {fileID: 1195037746}
  - component: {fileID: 1195037745}
  m_Layer: 0
  m_Name: SceneManager
  m_TagString: Untagged
  m_Icon: {fileID: 0}
  m_NavMeshLayer: 0
  m_StaticEditorFlags: 0
  m_IsActive: 1
--- !u!114 &1195037745
MonoBehaviour:
  m_ObjectHideFlags: 0
  m_CorrespondingSourceObject: {fileID: 0}
  m_PrefabInstance: {fileID: 0}
  m_PrefabAsset: {fileID: 0}
  m_GameObject: {fileID: 1195037744}
  m_Enabled: 1
  m_EditorHideFlags: 0
  m_Script: {fileID: 11500000, guid: fa9e394c99ae4c541820df0dbd65d803, type: 3}
  m_Name: 
  m_EditorClassIdentifier: 
--- !u!4 &1195037746
Transform:
  m_ObjectHideFlags: 0
  m_CorrespondingSourceObject: {fileID: 0}
  m_PrefabInstance: {fileID: 0}
  m_PrefabAsset: {fileID: 0}
  m_GameObject: {fileID: 1195037744}
  m_LocalRotation: {x: 0, y: 0, z: 0, w: 1}
  m_LocalPosition: {x: 0, y: 0, z: 0}
  m_LocalScale: {x: 1, y: 1, z: 1}
  m_ConstrainProportionsScale: 0
  m_Children: []
  m_Father: {fileID: 0}
  m_RootOrder: 6
  m_LocalEulerAnglesHint: {x: 0, y: 0, z: 0}
--- !u!1 &1282922974
GameObject:
  m_ObjectHideFlags: 0
  m_CorrespondingSourceObject: {fileID: 0}
  m_PrefabInstance: {fileID: 0}
  m_PrefabAsset: {fileID: 0}
  serializedVersion: 6
  m_Component:
  - component: {fileID: 1282922975}
  m_Layer: 0
  m_Name: Parkour
  m_TagString: Untagged
  m_Icon: {fileID: 0}
  m_NavMeshLayer: 0
  m_StaticEditorFlags: 0
  m_IsActive: 0
--- !u!4 &1282922975
Transform:
  m_ObjectHideFlags: 0
  m_CorrespondingSourceObject: {fileID: 0}
  m_PrefabInstance: {fileID: 0}
  m_PrefabAsset: {fileID: 0}
  m_GameObject: {fileID: 1282922974}
  m_LocalRotation: {x: 0, y: 0, z: 0, w: 1}
  m_LocalPosition: {x: 0, y: 0, z: 211.3}
  m_LocalScale: {x: 1, y: 1, z: 1}
  m_ConstrainProportionsScale: 0
  m_Children:
  - {fileID: 1400943975847653672}
  m_Father: {fileID: 0}
  m_RootOrder: 5
  m_LocalEulerAnglesHint: {x: 0, y: 0, z: 0}
--- !u!1 &1285795165
GameObject:
  m_ObjectHideFlags: 0
  m_CorrespondingSourceObject: {fileID: 0}
  m_PrefabInstance: {fileID: 0}
  m_PrefabAsset: {fileID: 0}
  serializedVersion: 6
  m_Component:
  - component: {fileID: 1285795167}
  - component: {fileID: 1285795166}
  - component: {fileID: 1285795168}
  m_Layer: 0
  m_Name: Directional Light
  m_TagString: Untagged
  m_Icon: {fileID: 0}
  m_NavMeshLayer: 0
  m_StaticEditorFlags: 0
  m_IsActive: 0
--- !u!108 &1285795166
Light:
  m_ObjectHideFlags: 0
  m_CorrespondingSourceObject: {fileID: 0}
  m_PrefabInstance: {fileID: 0}
  m_PrefabAsset: {fileID: 0}
  m_GameObject: {fileID: 1285795165}
  m_Enabled: 1
  serializedVersion: 10
  m_Type: 1
  m_Shape: 0
  m_Color: {r: 0.2924528, g: 0.22061959, b: 0.105945155, a: 1}
  m_Intensity: 1
  m_Range: 10
  m_SpotAngle: 30
  m_InnerSpotAngle: 21.80208
  m_CookieSize: 10
  m_Shadows:
    m_Type: 2
    m_Resolution: -1
    m_CustomResolution: -1
    m_Strength: 1
    m_Bias: 0.05
    m_NormalBias: 0.4
    m_NearPlane: 0.2
    m_CullingMatrixOverride:
      e00: 1
      e01: 0
      e02: 0
      e03: 0
      e10: 0
      e11: 1
      e12: 0
      e13: 0
      e20: 0
      e21: 0
      e22: 1
      e23: 0
      e30: 0
      e31: 0
      e32: 0
      e33: 1
    m_UseCullingMatrixOverride: 0
  m_Cookie: {fileID: 0}
  m_DrawHalo: 0
  m_Flare: {fileID: 0}
  m_RenderMode: 0
  m_CullingMask:
    serializedVersion: 2
    m_Bits: 4294967295
  m_RenderingLayerMask: 1
  m_Lightmapping: 4
  m_LightShadowCasterMode: 0
  m_AreaSize: {x: 1, y: 1}
  m_BounceIntensity: 1
  m_ColorTemperature: 6570
  m_UseColorTemperature: 0
  m_BoundingSphereOverride: {x: 0, y: 0, z: 0, w: 0}
  m_UseBoundingSphereOverride: 0
  m_UseViewFrustumForShadowCasterCull: 1
  m_ShadowRadius: 0
  m_ShadowAngle: 0
--- !u!4 &1285795167
Transform:
  m_ObjectHideFlags: 0
  m_CorrespondingSourceObject: {fileID: 0}
  m_PrefabInstance: {fileID: 0}
  m_PrefabAsset: {fileID: 0}
  m_GameObject: {fileID: 1285795165}
  m_LocalRotation: {x: 0.40821788, y: -0.23456968, z: 0.10938163, w: 0.8754261}
  m_LocalPosition: {x: 0, y: 3, z: 0}
  m_LocalScale: {x: 1, y: 1, z: 1}
  m_ConstrainProportionsScale: 0
  m_Children: []
  m_Father: {fileID: 0}
  m_RootOrder: 1
  m_LocalEulerAnglesHint: {x: 50, y: -30, z: 0}
--- !u!114 &1285795168
MonoBehaviour:
  m_ObjectHideFlags: 0
  m_CorrespondingSourceObject: {fileID: 0}
  m_PrefabInstance: {fileID: 0}
  m_PrefabAsset: {fileID: 0}
  m_GameObject: {fileID: 1285795165}
  m_Enabled: 1
  m_EditorHideFlags: 0
  m_Script: {fileID: 11500000, guid: 474bcb49853aa07438625e644c072ee6, type: 3}
  m_Name: 
  m_EditorClassIdentifier: 
  m_Version: 1
  m_UsePipelineSettings: 1
  m_AdditionalLightsShadowResolutionTier: 2
  m_LightLayerMask: 1
  m_CustomShadowLayers: 0
  m_ShadowLayerMask: 1
  m_LightCookieSize: {x: 1, y: 1}
  m_LightCookieOffset: {x: 0, y: 0}
--- !u!1 &1462649765
GameObject:
  m_ObjectHideFlags: 0
  m_CorrespondingSourceObject: {fileID: 0}
  m_PrefabInstance: {fileID: 0}
  m_PrefabAsset: {fileID: 0}
  serializedVersion: 6
  m_Component:
  - component: {fileID: 1462649768}
  - component: {fileID: 1462649767}
  - component: {fileID: 1462649766}
  m_Layer: 0
  m_Name: EventSystem
  m_TagString: Untagged
  m_Icon: {fileID: 0}
  m_NavMeshLayer: 0
  m_StaticEditorFlags: 0
  m_IsActive: 1
--- !u!114 &1462649766
MonoBehaviour:
  m_ObjectHideFlags: 0
  m_CorrespondingSourceObject: {fileID: 0}
  m_PrefabInstance: {fileID: 0}
  m_PrefabAsset: {fileID: 0}
  m_GameObject: {fileID: 1462649765}
  m_Enabled: 1
  m_EditorHideFlags: 0
  m_Script: {fileID: 11500000, guid: 01614664b831546d2ae94a42149d80ac, type: 3}
  m_Name: 
  m_EditorClassIdentifier: 
  m_MoveRepeatDelay: 0.5
  m_MoveRepeatRate: 0.1
  m_XRTrackingOrigin: {fileID: 0}
  m_ActionsAsset: {fileID: -944628639613478452, guid: ca9f5fa95ffab41fb9a615ab714db018, type: 3}
  m_PointAction: {fileID: -1654692200621890270, guid: ca9f5fa95ffab41fb9a615ab714db018, type: 3}
  m_MoveAction: {fileID: -8784545083839296357, guid: ca9f5fa95ffab41fb9a615ab714db018, type: 3}
  m_SubmitAction: {fileID: 392368643174621059, guid: ca9f5fa95ffab41fb9a615ab714db018, type: 3}
  m_CancelAction: {fileID: 7727032971491509709, guid: ca9f5fa95ffab41fb9a615ab714db018, type: 3}
  m_LeftClickAction: {fileID: 3001919216989983466, guid: ca9f5fa95ffab41fb9a615ab714db018, type: 3}
  m_MiddleClickAction: {fileID: -2185481485913320682, guid: ca9f5fa95ffab41fb9a615ab714db018, type: 3}
  m_RightClickAction: {fileID: -4090225696740746782, guid: ca9f5fa95ffab41fb9a615ab714db018, type: 3}
  m_ScrollWheelAction: {fileID: 6240969308177333660, guid: ca9f5fa95ffab41fb9a615ab714db018, type: 3}
  m_TrackedDevicePositionAction: {fileID: 6564999863303420839, guid: ca9f5fa95ffab41fb9a615ab714db018, type: 3}
  m_TrackedDeviceOrientationAction: {fileID: 7970375526676320489, guid: ca9f5fa95ffab41fb9a615ab714db018, type: 3}
  m_DeselectOnBackgroundClick: 1
  m_PointerBehavior: 0
--- !u!114 &1462649767
MonoBehaviour:
  m_ObjectHideFlags: 0
  m_CorrespondingSourceObject: {fileID: 0}
  m_PrefabInstance: {fileID: 0}
  m_PrefabAsset: {fileID: 0}
  m_GameObject: {fileID: 1462649765}
  m_Enabled: 1
  m_EditorHideFlags: 0
  m_Script: {fileID: 11500000, guid: 76c392e42b5098c458856cdf6ecaaaa1, type: 3}
  m_Name: 
  m_EditorClassIdentifier: 
  m_FirstSelected: {fileID: 0}
  m_sendNavigationEvents: 1
  m_DragThreshold: 10
--- !u!4 &1462649768
Transform:
  m_ObjectHideFlags: 0
  m_CorrespondingSourceObject: {fileID: 0}
  m_PrefabInstance: {fileID: 0}
  m_PrefabAsset: {fileID: 0}
  m_GameObject: {fileID: 1462649765}
  m_LocalRotation: {x: -0, y: -0, z: -0, w: 1}
  m_LocalPosition: {x: -0.000061035156, y: -0.000061035156, z: 0}
  m_LocalScale: {x: 1.0000001, y: 1.0000001, z: 1.0000001}
  m_ConstrainProportionsScale: 0
  m_Children: []
  m_Father: {fileID: 0}
  m_RootOrder: 8
  m_LocalEulerAnglesHint: {x: 0, y: 0, z: 0}
--- !u!1 &1569200362
GameObject:
  m_ObjectHideFlags: 0
  m_CorrespondingSourceObject: {fileID: 0}
  m_PrefabInstance: {fileID: 0}
  m_PrefabAsset: {fileID: 0}
  serializedVersion: 6
  m_Component:
  - component: {fileID: 1569200363}
  m_Layer: 0
  m_Name: Miniboss
  m_TagString: Untagged
  m_Icon: {fileID: 0}
  m_NavMeshLayer: 0
  m_StaticEditorFlags: 0
  m_IsActive: 0
--- !u!4 &1569200363
Transform:
  m_ObjectHideFlags: 0
  m_CorrespondingSourceObject: {fileID: 0}
  m_PrefabInstance: {fileID: 0}
  m_PrefabAsset: {fileID: 0}
  m_GameObject: {fileID: 1569200362}
  m_LocalRotation: {x: 0, y: 0, z: 0, w: 1}
  m_LocalPosition: {x: -95.8, y: 4.5, z: 78.5}
  m_LocalScale: {x: 1, y: 1, z: 1}
  m_ConstrainProportionsScale: 0
  m_Children:
  - {fileID: 5286859422002560942}
  m_Father: {fileID: 0}
  m_RootOrder: 7
  m_LocalEulerAnglesHint: {x: 0, y: 0, z: 0}
--- !u!1001 &470706667662245624
PrefabInstance:
  m_ObjectHideFlags: 0
  serializedVersion: 2
  m_Modification:
    m_TransformParent: {fileID: 1282922975}
    m_Modifications:
    - target: {fileID: 1583417861973807056, guid: cf06fc73794d44b4a950e7c136277fb1, type: 3}
      propertyPath: m_RootOrder
      value: 0
      objectReference: {fileID: 0}
    - target: {fileID: 1583417861973807056, guid: cf06fc73794d44b4a950e7c136277fb1, type: 3}
      propertyPath: m_LocalPosition.x
      value: 0
      objectReference: {fileID: 0}
    - target: {fileID: 1583417861973807056, guid: cf06fc73794d44b4a950e7c136277fb1, type: 3}
      propertyPath: m_LocalPosition.y
      value: 0
      objectReference: {fileID: 0}
    - target: {fileID: 1583417861973807056, guid: cf06fc73794d44b4a950e7c136277fb1, type: 3}
      propertyPath: m_LocalPosition.z
      value: 0
      objectReference: {fileID: 0}
    - target: {fileID: 1583417861973807056, guid: cf06fc73794d44b4a950e7c136277fb1, type: 3}
      propertyPath: m_LocalRotation.w
      value: 1
      objectReference: {fileID: 0}
    - target: {fileID: 1583417861973807056, guid: cf06fc73794d44b4a950e7c136277fb1, type: 3}
      propertyPath: m_LocalRotation.x
      value: 0
      objectReference: {fileID: 0}
    - target: {fileID: 1583417861973807056, guid: cf06fc73794d44b4a950e7c136277fb1, type: 3}
      propertyPath: m_LocalRotation.y
      value: 0
      objectReference: {fileID: 0}
    - target: {fileID: 1583417861973807056, guid: cf06fc73794d44b4a950e7c136277fb1, type: 3}
      propertyPath: m_LocalRotation.z
      value: 0
      objectReference: {fileID: 0}
    - target: {fileID: 1583417861973807056, guid: cf06fc73794d44b4a950e7c136277fb1, type: 3}
      propertyPath: m_LocalEulerAnglesHint.x
      value: 0
      objectReference: {fileID: 0}
    - target: {fileID: 1583417861973807056, guid: cf06fc73794d44b4a950e7c136277fb1, type: 3}
      propertyPath: m_LocalEulerAnglesHint.y
      value: 0
      objectReference: {fileID: 0}
    - target: {fileID: 1583417861973807056, guid: cf06fc73794d44b4a950e7c136277fb1, type: 3}
      propertyPath: m_LocalEulerAnglesHint.z
      value: 0
      objectReference: {fileID: 0}
    - target: {fileID: 5184964397307702281, guid: cf06fc73794d44b4a950e7c136277fb1, type: 3}
      propertyPath: m_NavMeshData
      value: 
      objectReference: {fileID: 23800000, guid: 7105412fdb26c1248b8736a538eebe93, type: 2}
    - target: {fileID: 7173593784281629061, guid: cf06fc73794d44b4a950e7c136277fb1, type: 3}
      propertyPath: m_Name
      value: parkourRoom_1
      objectReference: {fileID: 0}
    m_RemovedComponents: []
  m_SourcePrefab: {fileID: 100100000, guid: cf06fc73794d44b4a950e7c136277fb1, type: 3}
--- !u!1001 &708952195645216727
PrefabInstance:
  m_ObjectHideFlags: 0
  serializedVersion: 2
  m_Modification:
    m_TransformParent: {fileID: 1569200363}
    m_Modifications:
    - target: {fileID: 2405999971790697422, guid: e6576cffabd5cef4996b8711a2340591, type: 3}
      propertyPath: m_IsActive
      value: 0
      objectReference: {fileID: 0}
    - target: {fileID: 3962271895641040428, guid: e6576cffabd5cef4996b8711a2340591, type: 3}
      propertyPath: m_Name
      value: MiniBossRoom
      objectReference: {fileID: 0}
    - target: {fileID: 4649974200873330809, guid: e6576cffabd5cef4996b8711a2340591, type: 3}
      propertyPath: m_RootOrder
      value: 0
      objectReference: {fileID: 0}
    - target: {fileID: 4649974200873330809, guid: e6576cffabd5cef4996b8711a2340591, type: 3}
      propertyPath: m_LocalPosition.x
      value: 0
      objectReference: {fileID: 0}
    - target: {fileID: 4649974200873330809, guid: e6576cffabd5cef4996b8711a2340591, type: 3}
      propertyPath: m_LocalPosition.y
      value: 0
      objectReference: {fileID: 0}
    - target: {fileID: 4649974200873330809, guid: e6576cffabd5cef4996b8711a2340591, type: 3}
      propertyPath: m_LocalPosition.z
      value: 0
      objectReference: {fileID: 0}
    - target: {fileID: 4649974200873330809, guid: e6576cffabd5cef4996b8711a2340591, type: 3}
      propertyPath: m_LocalRotation.w
      value: 1
      objectReference: {fileID: 0}
    - target: {fileID: 4649974200873330809, guid: e6576cffabd5cef4996b8711a2340591, type: 3}
      propertyPath: m_LocalRotation.x
      value: 0
      objectReference: {fileID: 0}
    - target: {fileID: 4649974200873330809, guid: e6576cffabd5cef4996b8711a2340591, type: 3}
      propertyPath: m_LocalRotation.y
      value: 0
      objectReference: {fileID: 0}
    - target: {fileID: 4649974200873330809, guid: e6576cffabd5cef4996b8711a2340591, type: 3}
      propertyPath: m_LocalRotation.z
      value: 0
      objectReference: {fileID: 0}
    - target: {fileID: 4649974200873330809, guid: e6576cffabd5cef4996b8711a2340591, type: 3}
      propertyPath: m_LocalEulerAnglesHint.x
      value: 0
      objectReference: {fileID: 0}
    - target: {fileID: 4649974200873330809, guid: e6576cffabd5cef4996b8711a2340591, type: 3}
      propertyPath: m_LocalEulerAnglesHint.y
      value: 0
      objectReference: {fileID: 0}
    - target: {fileID: 4649974200873330809, guid: e6576cffabd5cef4996b8711a2340591, type: 3}
      propertyPath: m_LocalEulerAnglesHint.z
      value: 0
      objectReference: {fileID: 0}
    m_RemovedComponents: []
  m_SourcePrefab: {fileID: 100100000, guid: e6576cffabd5cef4996b8711a2340591, type: 3}
--- !u!4 &1400943975847653672 stripped
Transform:
  m_CorrespondingSourceObject: {fileID: 1583417861973807056, guid: cf06fc73794d44b4a950e7c136277fb1, type: 3}
  m_PrefabInstance: {fileID: 470706667662245624}
  m_PrefabAsset: {fileID: 0}
--- !u!4 &1400943976602532026 stripped
Transform:
  m_CorrespondingSourceObject: {fileID: 4736853333300581277, guid: 4417a1130fa01e640abd1598ec992cd5, type: 3}
  m_PrefabInstance: {fileID: 5966574742543297319}
  m_PrefabAsset: {fileID: 0}
--- !u!4 &1400943977218662216 stripped
Transform:
  m_CorrespondingSourceObject: {fileID: 4940965329247783118, guid: 31840651ef09c47419938b232e7e1208, type: 3}
  m_PrefabInstance: {fileID: 6332328077305223046}
  m_PrefabAsset: {fileID: 0}
--- !u!4 &5286859422002560942 stripped
Transform:
  m_CorrespondingSourceObject: {fileID: 4649974200873330809, guid: e6576cffabd5cef4996b8711a2340591, type: 3}
  m_PrefabInstance: {fileID: 708952195645216727}
  m_PrefabAsset: {fileID: 0}
--- !u!1001 &5966574742543297319
PrefabInstance:
  m_ObjectHideFlags: 0
  serializedVersion: 2
  m_Modification:
    m_TransformParent: {fileID: 350402056}
    m_Modifications:
    - target: {fileID: 4019595363101580744, guid: 4417a1130fa01e640abd1598ec992cd5, type: 3}
      propertyPath: m_Name
      value: TrapRoom_1
      objectReference: {fileID: 0}
    - target: {fileID: 4736853333300581277, guid: 4417a1130fa01e640abd1598ec992cd5, type: 3}
      propertyPath: m_RootOrder
      value: 0
      objectReference: {fileID: 0}
    - target: {fileID: 4736853333300581277, guid: 4417a1130fa01e640abd1598ec992cd5, type: 3}
      propertyPath: m_LocalPosition.x
      value: 0
      objectReference: {fileID: 0}
    - target: {fileID: 4736853333300581277, guid: 4417a1130fa01e640abd1598ec992cd5, type: 3}
      propertyPath: m_LocalPosition.y
      value: 0
      objectReference: {fileID: 0}
    - target: {fileID: 4736853333300581277, guid: 4417a1130fa01e640abd1598ec992cd5, type: 3}
      propertyPath: m_LocalPosition.z
      value: 0
      objectReference: {fileID: 0}
    - target: {fileID: 4736853333300581277, guid: 4417a1130fa01e640abd1598ec992cd5, type: 3}
      propertyPath: m_LocalRotation.w
      value: 1
      objectReference: {fileID: 0}
    - target: {fileID: 4736853333300581277, guid: 4417a1130fa01e640abd1598ec992cd5, type: 3}
      propertyPath: m_LocalRotation.x
      value: 0
      objectReference: {fileID: 0}
    - target: {fileID: 4736853333300581277, guid: 4417a1130fa01e640abd1598ec992cd5, type: 3}
      propertyPath: m_LocalRotation.y
      value: 0
      objectReference: {fileID: 0}
    - target: {fileID: 4736853333300581277, guid: 4417a1130fa01e640abd1598ec992cd5, type: 3}
      propertyPath: m_LocalRotation.z
      value: 0
      objectReference: {fileID: 0}
    - target: {fileID: 4736853333300581277, guid: 4417a1130fa01e640abd1598ec992cd5, type: 3}
      propertyPath: m_LocalEulerAnglesHint.x
      value: 0
      objectReference: {fileID: 0}
    - target: {fileID: 4736853333300581277, guid: 4417a1130fa01e640abd1598ec992cd5, type: 3}
      propertyPath: m_LocalEulerAnglesHint.y
      value: 0
      objectReference: {fileID: 0}
    - target: {fileID: 4736853333300581277, guid: 4417a1130fa01e640abd1598ec992cd5, type: 3}
      propertyPath: m_LocalEulerAnglesHint.z
      value: 0
      objectReference: {fileID: 0}
    m_RemovedComponents: []
  m_SourcePrefab: {fileID: 100100000, guid: 4417a1130fa01e640abd1598ec992cd5, type: 3}
--- !u!1 &5966574742543297320 stripped
GameObject:
  m_CorrespondingSourceObject: {fileID: 4153349272162671507, guid: 4417a1130fa01e640abd1598ec992cd5, type: 3}
  m_PrefabInstance: {fileID: 5966574742543297319}
  m_PrefabAsset: {fileID: 0}
--- !u!114 &5966574742543297321
MonoBehaviour:
  m_ObjectHideFlags: 0
  m_CorrespondingSourceObject: {fileID: 0}
  m_PrefabInstance: {fileID: 0}
  m_PrefabAsset: {fileID: 0}
  m_GameObject: {fileID: 5966574742543297320}
  m_Enabled: 1
  m_EditorHideFlags: 0
  m_Script: {fileID: 11500000, guid: 7a5ac11cc976e418e8d13136b07e1f52, type: 3}
  m_Name: 
  m_EditorClassIdentifier: 
  m_AgentTypeID: 0
  m_CollectObjects: 0
  m_Size: {x: 10, y: 10, z: 10}
  m_Center: {x: 0, y: 2, z: 0}
  m_LayerMask:
    serializedVersion: 2
    m_Bits: 4294967295
  m_UseGeometry: 0
  m_DefaultArea: 0
  m_IgnoreNavMeshAgent: 1
  m_IgnoreNavMeshObstacle: 1
  m_OverrideTileSize: 0
  m_TileSize: 256
  m_OverrideVoxelSize: 0
  m_VoxelSize: 0.16666667
  m_MinRegionArea: 2
  m_NavMeshData: {fileID: 23800000, guid: c4170a5ecd0d08d41800a0179d3d7cfc, type: 2}
  m_BuildHeightMesh: 0
--- !u!1001 &6332328077305223046
PrefabInstance:
  m_ObjectHideFlags: 0
  serializedVersion: 2
  m_Modification:
    m_TransformParent: {fileID: 15098447}
    m_Modifications:
    - target: {fileID: 396850641286216179, guid: 31840651ef09c47419938b232e7e1208, type: 3}
      propertyPath: InitialModule.startSize.scalar
      value: 0.25
      objectReference: {fileID: 0}
    - target: {fileID: 396850641286216179, guid: 31840651ef09c47419938b232e7e1208, type: 3}
      propertyPath: InitialModule.startSizeY.scalar
      value: 0.2
      objectReference: {fileID: 0}
    - target: {fileID: 434091921582863998, guid: 31840651ef09c47419938b232e7e1208, type: 3}
      propertyPath: InitialModule.startSize.scalar
      value: 0.25
      objectReference: {fileID: 0}
    - target: {fileID: 434091921582863998, guid: 31840651ef09c47419938b232e7e1208, type: 3}
      propertyPath: InitialModule.startSizeY.scalar
      value: 0.2
      objectReference: {fileID: 0}
    - target: {fileID: 808411557270919196, guid: 31840651ef09c47419938b232e7e1208, type: 3}
      propertyPath: InitialModule.startSize.scalar
      value: 0.25
      objectReference: {fileID: 0}
    - target: {fileID: 808411557270919196, guid: 31840651ef09c47419938b232e7e1208, type: 3}
      propertyPath: InitialModule.startSizeY.scalar
      value: 0.2
      objectReference: {fileID: 0}
    - target: {fileID: 1255804631852917562, guid: 31840651ef09c47419938b232e7e1208, type: 3}
      propertyPath: m_Materials.Array.data[0]
      value: 
      objectReference: {fileID: 2100000, guid: b2a904f3273627e488981118048edae8, type: 2}
    - target: {fileID: 3584464042858341239, guid: 31840651ef09c47419938b232e7e1208, type: 3}
      propertyPath: InitialModule.startSize.scalar
      value: 0.25
      objectReference: {fileID: 0}
    - target: {fileID: 3584464042858341239, guid: 31840651ef09c47419938b232e7e1208, type: 3}
      propertyPath: InitialModule.startSizeY.scalar
      value: 0.2
      objectReference: {fileID: 0}
    - target: {fileID: 3667340100144875163, guid: 31840651ef09c47419938b232e7e1208, type: 3}
      propertyPath: m_Name
      value: EnemyRoom_1
      objectReference: {fileID: 0}
    - target: {fileID: 4100226783852016528, guid: 31840651ef09c47419938b232e7e1208, type: 3}
      propertyPath: InitialModule.startSize.scalar
      value: 0.25
      objectReference: {fileID: 0}
    - target: {fileID: 4100226783852016528, guid: 31840651ef09c47419938b232e7e1208, type: 3}
      propertyPath: InitialModule.startSizeY.scalar
      value: 0.2
      objectReference: {fileID: 0}
    - target: {fileID: 4144679573266368690, guid: 31840651ef09c47419938b232e7e1208, type: 3}
      propertyPath: InitialModule.startSize.scalar
      value: 0.25
      objectReference: {fileID: 0}
    - target: {fileID: 4144679573266368690, guid: 31840651ef09c47419938b232e7e1208, type: 3}
      propertyPath: InitialModule.startSizeY.scalar
      value: 0.2
      objectReference: {fileID: 0}
    - target: {fileID: 4350957187042562606, guid: 31840651ef09c47419938b232e7e1208, type: 3}
      propertyPath: m_Materials.Array.data[0]
      value: 
      objectReference: {fileID: 2100000, guid: b2a904f3273627e488981118048edae8, type: 2}
    - target: {fileID: 4487756619507944765, guid: 31840651ef09c47419938b232e7e1208, type: 3}
      propertyPath: m_Materials.Array.data[0]
      value: 
      objectReference: {fileID: 2100000, guid: b2a904f3273627e488981118048edae8, type: 2}
    - target: {fileID: 4511958892269419182, guid: 31840651ef09c47419938b232e7e1208, type: 3}
      propertyPath: m_AnchorMax.x
      value: 1
      objectReference: {fileID: 0}
    - target: {fileID: 4511958892269419182, guid: 31840651ef09c47419938b232e7e1208, type: 3}
      propertyPath: m_AnchorMax.y
      value: 1
      objectReference: {fileID: 0}
    - target: {fileID: 4511958892350501308, guid: 31840651ef09c47419938b232e7e1208, type: 3}
      propertyPath: m_AnchorMax.x
      value: 1
      objectReference: {fileID: 0}
    - target: {fileID: 4511958892350501308, guid: 31840651ef09c47419938b232e7e1208, type: 3}
      propertyPath: m_AnchorMax.y
      value: 1
      objectReference: {fileID: 0}
    - target: {fileID: 4511958892372875491, guid: 31840651ef09c47419938b232e7e1208, type: 3}
      propertyPath: m_AnchorMax.x
      value: 1
      objectReference: {fileID: 0}
    - target: {fileID: 4511958892372875491, guid: 31840651ef09c47419938b232e7e1208, type: 3}
      propertyPath: m_AnchorMax.y
      value: 1
      objectReference: {fileID: 0}
    - target: {fileID: 4511958892842399726, guid: 31840651ef09c47419938b232e7e1208, type: 3}
      propertyPath: m_AnchorMax.x
      value: 1
      objectReference: {fileID: 0}
    - target: {fileID: 4511958892842399726, guid: 31840651ef09c47419938b232e7e1208, type: 3}
      propertyPath: m_AnchorMax.y
      value: 1
      objectReference: {fileID: 0}
    - target: {fileID: 4511958892871792087, guid: 31840651ef09c47419938b232e7e1208, type: 3}
      propertyPath: m_AnchorMax.x
      value: 1
      objectReference: {fileID: 0}
    - target: {fileID: 4511958892871792087, guid: 31840651ef09c47419938b232e7e1208, type: 3}
      propertyPath: m_AnchorMax.y
      value: 1
      objectReference: {fileID: 0}
    - target: {fileID: 4511958893382858035, guid: 31840651ef09c47419938b232e7e1208, type: 3}
      propertyPath: m_AnchorMax.x
      value: 1
      objectReference: {fileID: 0}
    - target: {fileID: 4511958893382858035, guid: 31840651ef09c47419938b232e7e1208, type: 3}
      propertyPath: m_AnchorMax.y
      value: 1
      objectReference: {fileID: 0}
    - target: {fileID: 4511958893432853008, guid: 31840651ef09c47419938b232e7e1208, type: 3}
      propertyPath: m_AnchorMax.x
      value: 1
      objectReference: {fileID: 0}
    - target: {fileID: 4511958893432853008, guid: 31840651ef09c47419938b232e7e1208, type: 3}
      propertyPath: m_AnchorMax.y
      value: 1
      objectReference: {fileID: 0}
    - target: {fileID: 4511958894252725431, guid: 31840651ef09c47419938b232e7e1208, type: 3}
      propertyPath: m_AnchorMax.x
      value: 1
      objectReference: {fileID: 0}
    - target: {fileID: 4511958894252725431, guid: 31840651ef09c47419938b232e7e1208, type: 3}
      propertyPath: m_AnchorMax.y
      value: 1
      objectReference: {fileID: 0}
    - target: {fileID: 4511958894255702578, guid: 31840651ef09c47419938b232e7e1208, type: 3}
      propertyPath: m_AnchorMax.x
      value: 1
      objectReference: {fileID: 0}
    - target: {fileID: 4511958894255702578, guid: 31840651ef09c47419938b232e7e1208, type: 3}
      propertyPath: m_AnchorMax.y
      value: 1
      objectReference: {fileID: 0}
    - target: {fileID: 4511958894287989468, guid: 31840651ef09c47419938b232e7e1208, type: 3}
      propertyPath: m_AnchorMax.x
      value: 1
      objectReference: {fileID: 0}
    - target: {fileID: 4511958894287989468, guid: 31840651ef09c47419938b232e7e1208, type: 3}
      propertyPath: m_AnchorMax.y
      value: 1
      objectReference: {fileID: 0}
    - target: {fileID: 4940965329247783118, guid: 31840651ef09c47419938b232e7e1208, type: 3}
      propertyPath: m_RootOrder
      value: 0
      objectReference: {fileID: 0}
    - target: {fileID: 4940965329247783118, guid: 31840651ef09c47419938b232e7e1208, type: 3}
      propertyPath: m_LocalPosition.x
      value: 0
      objectReference: {fileID: 0}
    - target: {fileID: 4940965329247783118, guid: 31840651ef09c47419938b232e7e1208, type: 3}
      propertyPath: m_LocalPosition.y
      value: 0
      objectReference: {fileID: 0}
    - target: {fileID: 4940965329247783118, guid: 31840651ef09c47419938b232e7e1208, type: 3}
      propertyPath: m_LocalPosition.z
      value: 0
      objectReference: {fileID: 0}
    - target: {fileID: 4940965329247783118, guid: 31840651ef09c47419938b232e7e1208, type: 3}
      propertyPath: m_LocalRotation.w
      value: 1
      objectReference: {fileID: 0}
    - target: {fileID: 4940965329247783118, guid: 31840651ef09c47419938b232e7e1208, type: 3}
      propertyPath: m_LocalRotation.x
      value: 0
      objectReference: {fileID: 0}
    - target: {fileID: 4940965329247783118, guid: 31840651ef09c47419938b232e7e1208, type: 3}
      propertyPath: m_LocalRotation.y
      value: 0
      objectReference: {fileID: 0}
    - target: {fileID: 4940965329247783118, guid: 31840651ef09c47419938b232e7e1208, type: 3}
      propertyPath: m_LocalRotation.z
      value: 0
      objectReference: {fileID: 0}
    - target: {fileID: 4940965329247783118, guid: 31840651ef09c47419938b232e7e1208, type: 3}
      propertyPath: m_LocalEulerAnglesHint.x
      value: 0
      objectReference: {fileID: 0}
    - target: {fileID: 4940965329247783118, guid: 31840651ef09c47419938b232e7e1208, type: 3}
      propertyPath: m_LocalEulerAnglesHint.y
      value: 0
      objectReference: {fileID: 0}
    - target: {fileID: 4940965329247783118, guid: 31840651ef09c47419938b232e7e1208, type: 3}
      propertyPath: m_LocalEulerAnglesHint.z
      value: 0
      objectReference: {fileID: 0}
    - target: {fileID: 5124879229039437879, guid: 31840651ef09c47419938b232e7e1208, type: 3}
      propertyPath: InitialModule.startSize.scalar
      value: 0.25
      objectReference: {fileID: 0}
    - target: {fileID: 5124879229039437879, guid: 31840651ef09c47419938b232e7e1208, type: 3}
      propertyPath: InitialModule.startSizeY.scalar
      value: 0.2
      objectReference: {fileID: 0}
    - target: {fileID: 5808564100799938878, guid: 31840651ef09c47419938b232e7e1208, type: 3}
      propertyPath: m_Materials.Array.data[0]
      value: 
      objectReference: {fileID: 2100000, guid: b2a904f3273627e488981118048edae8, type: 2}
    - target: {fileID: 6378346595983807183, guid: 31840651ef09c47419938b232e7e1208, type: 3}
      propertyPath: m_Materials.Array.data[0]
      value: 
      objectReference: {fileID: 2100000, guid: b2a904f3273627e488981118048edae8, type: 2}
    - target: {fileID: 6498395035049993824, guid: 31840651ef09c47419938b232e7e1208, type: 3}
      propertyPath: m_Materials.Array.data[0]
      value: 
      objectReference: {fileID: 2100000, guid: b2a904f3273627e488981118048edae8, type: 2}
    - target: {fileID: 7565757615530303016, guid: 31840651ef09c47419938b232e7e1208, type: 3}
      propertyPath: m_Materials.Array.data[0]
      value: 
      objectReference: {fileID: 2100000, guid: b2a904f3273627e488981118048edae8, type: 2}
    - target: {fileID: 7836882467751313042, guid: 31840651ef09c47419938b232e7e1208, type: 3}
      propertyPath: m_IsActive
      value: 0
      objectReference: {fileID: 0}
    m_RemovedComponents: []
  m_SourcePrefab: {fileID: 100100000, guid: 31840651ef09c47419938b232e7e1208, type: 3}
--- !u!1001 &6933771598563540909
PrefabInstance:
  m_ObjectHideFlags: 0
  serializedVersion: 2
  m_Modification:
    m_TransformParent: {fileID: 0}
    m_Modifications:
    - target: {fileID: 1400943976079658612, guid: d93b44451b18b0a46a1a60e37e9af133, type: 3}
      propertyPath: m_RootOrder
      value: 0
      objectReference: {fileID: 0}
    - target: {fileID: 1400943976079658612, guid: d93b44451b18b0a46a1a60e37e9af133, type: 3}
      propertyPath: m_LocalPosition.x
      value: -95.8
      objectReference: {fileID: 0}
    - target: {fileID: 1400943976079658612, guid: d93b44451b18b0a46a1a60e37e9af133, type: 3}
      propertyPath: m_LocalPosition.y
      value: 0
      objectReference: {fileID: 0}
    - target: {fileID: 1400943976079658612, guid: d93b44451b18b0a46a1a60e37e9af133, type: 3}
      propertyPath: m_LocalPosition.z
      value: 0
      objectReference: {fileID: 0}
    - target: {fileID: 1400943976079658612, guid: d93b44451b18b0a46a1a60e37e9af133, type: 3}
      propertyPath: m_LocalRotation.w
      value: 1
      objectReference: {fileID: 0}
    - target: {fileID: 1400943976079658612, guid: d93b44451b18b0a46a1a60e37e9af133, type: 3}
      propertyPath: m_LocalRotation.x
      value: 0
      objectReference: {fileID: 0}
    - target: {fileID: 1400943976079658612, guid: d93b44451b18b0a46a1a60e37e9af133, type: 3}
      propertyPath: m_LocalRotation.y
      value: 0
      objectReference: {fileID: 0}
    - target: {fileID: 1400943976079658612, guid: d93b44451b18b0a46a1a60e37e9af133, type: 3}
      propertyPath: m_LocalRotation.z
      value: 0
      objectReference: {fileID: 0}
    - target: {fileID: 1400943976079658612, guid: d93b44451b18b0a46a1a60e37e9af133, type: 3}
      propertyPath: m_LocalEulerAnglesHint.x
      value: 0
      objectReference: {fileID: 0}
    - target: {fileID: 1400943976079658612, guid: d93b44451b18b0a46a1a60e37e9af133, type: 3}
      propertyPath: m_LocalEulerAnglesHint.y
      value: 0
      objectReference: {fileID: 0}
    - target: {fileID: 1400943976079658612, guid: d93b44451b18b0a46a1a60e37e9af133, type: 3}
      propertyPath: m_LocalEulerAnglesHint.z
      value: 0
      objectReference: {fileID: 0}
    - target: {fileID: 6933771597743804789, guid: d93b44451b18b0a46a1a60e37e9af133, type: 3}
      propertyPath: m_LocalScale.z
      value: 1.21
      objectReference: {fileID: 0}
    - target: {fileID: 7279489021326655521, guid: d93b44451b18b0a46a1a60e37e9af133, type: 3}
      propertyPath: m_Name
      value: m_Room
      objectReference: {fileID: 0}
    - target: {fileID: 7279489021326655521, guid: d93b44451b18b0a46a1a60e37e9af133, type: 3}
      propertyPath: m_IsActive
      value: 0
      objectReference: {fileID: 0}
    - target: {fileID: 8579306787057840900, guid: d93b44451b18b0a46a1a60e37e9af133, type: 3}
      propertyPath: m_IsActive
      value: 0
      objectReference: {fileID: 0}
    m_RemovedComponents: []
  m_SourcePrefab: {fileID: 100100000, guid: d93b44451b18b0a46a1a60e37e9af133, type: 3}
