%YAML 1.1
%TAG !u! tag:unity3d.com,2011:
--- !u!29 &1
OcclusionCullingSettings:
  m_ObjectHideFlags: 0
  serializedVersion: 2
  m_OcclusionBakeSettings:
    smallestOccluder: 5
    smallestHole: 0.25
    backfaceThreshold: 100
  m_SceneGUID: 00000000000000000000000000000000
  m_OcclusionCullingData: {fileID: 0}
--- !u!104 &2
RenderSettings:
  m_ObjectHideFlags: 0
  serializedVersion: 9
  m_Fog: 0
  m_FogColor: {r: 0.5, g: 0.5, b: 0.5, a: 1}
  m_FogMode: 3
  m_FogDensity: 0.01
  m_LinearFogStart: 0
  m_LinearFogEnd: 300
  m_AmbientSkyColor: {r: 0.212, g: 0.227, b: 0.259, a: 1}
  m_AmbientEquatorColor: {r: 0.114, g: 0.125, b: 0.133, a: 1}
  m_AmbientGroundColor: {r: 0.047, g: 0.043, b: 0.035, a: 1}
  m_AmbientIntensity: 1
  m_AmbientMode: 0
  m_SubtractiveShadowColor: {r: 0.42, g: 0.478, b: 0.627, a: 1}
  m_SkyboxMaterial: {fileID: 10304, guid: 0000000000000000f000000000000000, type: 0}
  m_HaloStrength: 0.5
  m_FlareStrength: 1
  m_FlareFadeSpeed: 3
  m_HaloTexture: {fileID: 0}
  m_SpotCookie: {fileID: 10001, guid: 0000000000000000e000000000000000, type: 0}
  m_DefaultReflectionMode: 0
  m_DefaultReflectionResolution: 128
  m_ReflectionBounces: 1
  m_ReflectionIntensity: 1
  m_CustomReflection: {fileID: 0}
  m_Sun: {fileID: 0}
  m_IndirectSpecularColor: {r: 0.18028432, g: 0.22571453, b: 0.3069239, a: 1}
  m_UseRadianceAmbientProbe: 0
--- !u!157 &3
LightmapSettings:
  m_ObjectHideFlags: 0
  serializedVersion: 12
  m_GIWorkflowMode: 0
  m_GISettings:
    serializedVersion: 2
    m_BounceScale: 1
    m_IndirectOutputScale: 1
    m_AlbedoBoost: 1
    m_EnvironmentLightingMode: 0
    m_EnableBakedLightmaps: 1
    m_EnableRealtimeLightmaps: 1
  m_LightmapEditorSettings:
    serializedVersion: 12
    m_Resolution: 2
    m_BakeResolution: 40
    m_AtlasSize: 1024
    m_AO: 0
    m_AOMaxDistance: 1
    m_CompAOExponent: 1
    m_CompAOExponentDirect: 0
    m_ExtractAmbientOcclusion: 0
    m_Padding: 2
    m_LightmapParameters: {fileID: 0}
    m_LightmapsBakeMode: 1
    m_TextureCompression: 1
    m_FinalGather: 0
    m_FinalGatherFiltering: 1
    m_FinalGatherRayCount: 256
    m_ReflectionCompression: 2
    m_MixedBakeMode: 2
    m_BakeBackend: 0
    m_PVRSampling: 1
    m_PVRDirectSampleCount: 32
    m_PVRSampleCount: 500
    m_PVRBounces: 2
    m_PVREnvironmentSampleCount: 500
    m_PVREnvironmentReferencePointCount: 2048
    m_PVRFilteringMode: 2
    m_PVRDenoiserTypeDirect: 0
    m_PVRDenoiserTypeIndirect: 0
    m_PVRDenoiserTypeAO: 0
    m_PVRFilterTypeDirect: 0
    m_PVRFilterTypeIndirect: 0
    m_PVRFilterTypeAO: 0
    m_PVREnvironmentMIS: 0
    m_PVRCulling: 1
    m_PVRFilteringGaussRadiusDirect: 1
    m_PVRFilteringGaussRadiusIndirect: 5
    m_PVRFilteringGaussRadiusAO: 2
    m_PVRFilteringAtrousPositionSigmaDirect: 0.5
    m_PVRFilteringAtrousPositionSigmaIndirect: 2
    m_PVRFilteringAtrousPositionSigmaAO: 1
    m_ExportTrainingData: 0
    m_TrainingDataDestination: TrainingData
    m_LightProbeSampleCountMultiplier: 4
  m_LightingDataAsset: {fileID: 112000002, guid: e8e50a572f674e74888b8c395aa2a5b3,
    type: 2}
  m_LightingSettings: {fileID: 4890085278179872738, guid: e8f664b38bb816449a77524bd3a5c5ed,
    type: 2}
--- !u!196 &4
NavMeshSettings:
  serializedVersion: 2
  m_ObjectHideFlags: 0
  m_BuildSettings:
    serializedVersion: 2
    agentTypeID: 0
    agentRadius: 0.5
    agentHeight: 2
    agentSlope: 45
    agentClimb: 0.4
    ledgeDropHeight: 0
    maxJumpAcrossDistance: 0
    minRegionArea: 2
    manualCellSize: 0
    cellSize: 0.16666667
    manualTileSize: 0
    tileSize: 256
    accuratePlacement: 0
    maxJobWorkers: 0
    preserveTilesOutsideBounds: 0
    debug:
      m_Flags: 0
  m_NavMeshData: {fileID: 0}
--- !u!1001 &313534441
PrefabInstance:
  m_ObjectHideFlags: 0
  serializedVersion: 2
  m_Modification:
    m_TransformParent: {fileID: 436170874}
    m_Modifications:
    - target: {fileID: 1832611569366758, guid: 8cd95076da3c6fb4e90fb42edf7160dd, type: 3}
      propertyPath: m_Name
      value: Stones
      objectReference: {fileID: 0}
    - target: {fileID: 4847758711387454, guid: 8cd95076da3c6fb4e90fb42edf7160dd, type: 3}
      propertyPath: m_RootOrder
      value: 13
      objectReference: {fileID: 0}
    - target: {fileID: 4847758711387454, guid: 8cd95076da3c6fb4e90fb42edf7160dd, type: 3}
      propertyPath: m_LocalPosition.x
      value: -15.431171
      objectReference: {fileID: 0}
    - target: {fileID: 4847758711387454, guid: 8cd95076da3c6fb4e90fb42edf7160dd, type: 3}
      propertyPath: m_LocalPosition.y
      value: -2.6327052
      objectReference: {fileID: 0}
    - target: {fileID: 4847758711387454, guid: 8cd95076da3c6fb4e90fb42edf7160dd, type: 3}
      propertyPath: m_LocalPosition.z
      value: -11.334745
      objectReference: {fileID: 0}
    - target: {fileID: 4847758711387454, guid: 8cd95076da3c6fb4e90fb42edf7160dd, type: 3}
      propertyPath: m_LocalRotation.w
      value: 1
      objectReference: {fileID: 0}
    - target: {fileID: 4847758711387454, guid: 8cd95076da3c6fb4e90fb42edf7160dd, type: 3}
      propertyPath: m_LocalRotation.x
      value: -0
      objectReference: {fileID: 0}
    - target: {fileID: 4847758711387454, guid: 8cd95076da3c6fb4e90fb42edf7160dd, type: 3}
      propertyPath: m_LocalRotation.y
      value: -0
      objectReference: {fileID: 0}
    - target: {fileID: 4847758711387454, guid: 8cd95076da3c6fb4e90fb42edf7160dd, type: 3}
      propertyPath: m_LocalRotation.z
      value: -0
      objectReference: {fileID: 0}
    - target: {fileID: 4847758711387454, guid: 8cd95076da3c6fb4e90fb42edf7160dd, type: 3}
      propertyPath: m_LocalEulerAnglesHint.x
      value: 0
      objectReference: {fileID: 0}
    - target: {fileID: 4847758711387454, guid: 8cd95076da3c6fb4e90fb42edf7160dd, type: 3}
      propertyPath: m_LocalEulerAnglesHint.y
      value: 0
      objectReference: {fileID: 0}
    - target: {fileID: 4847758711387454, guid: 8cd95076da3c6fb4e90fb42edf7160dd, type: 3}
      propertyPath: m_LocalEulerAnglesHint.z
      value: 0
      objectReference: {fileID: 0}
    m_RemovedComponents: []
  m_SourcePrefab: {fileID: 100100000, guid: 8cd95076da3c6fb4e90fb42edf7160dd, type: 3}
--- !u!4 &313534442 stripped
Transform:
  m_CorrespondingSourceObject: {fileID: 4847758711387454, guid: 8cd95076da3c6fb4e90fb42edf7160dd,
    type: 3}
  m_PrefabInstance: {fileID: 313534441}
  m_PrefabAsset: {fileID: 0}
--- !u!1001 &401454885
PrefabInstance:
  m_ObjectHideFlags: 0
  serializedVersion: 2
  m_Modification:
    m_TransformParent: {fileID: 436170874}
    m_Modifications:
    - target: {fileID: 1185541151357718, guid: 1a84c1e1be9611c44bca862dba8ea036, type: 3}
      propertyPath: m_Name
      value: scoop
      objectReference: {fileID: 0}
    - target: {fileID: 4715061541533032, guid: 1a84c1e1be9611c44bca862dba8ea036, type: 3}
      propertyPath: m_RootOrder
      value: 14
      objectReference: {fileID: 0}
    - target: {fileID: 4715061541533032, guid: 1a84c1e1be9611c44bca862dba8ea036, type: 3}
      propertyPath: m_LocalPosition.x
      value: -9.793287
      objectReference: {fileID: 0}
    - target: {fileID: 4715061541533032, guid: 1a84c1e1be9611c44bca862dba8ea036, type: 3}
      propertyPath: m_LocalPosition.y
      value: -4.545843
      objectReference: {fileID: 0}
    - target: {fileID: 4715061541533032, guid: 1a84c1e1be9611c44bca862dba8ea036, type: 3}
      propertyPath: m_LocalPosition.z
      value: -6.7333307
      objectReference: {fileID: 0}
    - target: {fileID: 4715061541533032, guid: 1a84c1e1be9611c44bca862dba8ea036, type: 3}
      propertyPath: m_LocalRotation.w
      value: 1
      objectReference: {fileID: 0}
    - target: {fileID: 4715061541533032, guid: 1a84c1e1be9611c44bca862dba8ea036, type: 3}
      propertyPath: m_LocalRotation.x
      value: -0
      objectReference: {fileID: 0}
    - target: {fileID: 4715061541533032, guid: 1a84c1e1be9611c44bca862dba8ea036, type: 3}
      propertyPath: m_LocalRotation.y
      value: -0
      objectReference: {fileID: 0}
    - target: {fileID: 4715061541533032, guid: 1a84c1e1be9611c44bca862dba8ea036, type: 3}
      propertyPath: m_LocalRotation.z
      value: -0
      objectReference: {fileID: 0}
    - target: {fileID: 4715061541533032, guid: 1a84c1e1be9611c44bca862dba8ea036, type: 3}
      propertyPath: m_LocalEulerAnglesHint.x
      value: 0
      objectReference: {fileID: 0}
    - target: {fileID: 4715061541533032, guid: 1a84c1e1be9611c44bca862dba8ea036, type: 3}
      propertyPath: m_LocalEulerAnglesHint.y
      value: 0
      objectReference: {fileID: 0}
    - target: {fileID: 4715061541533032, guid: 1a84c1e1be9611c44bca862dba8ea036, type: 3}
      propertyPath: m_LocalEulerAnglesHint.z
      value: 0
      objectReference: {fileID: 0}
    m_RemovedComponents: []
  m_SourcePrefab: {fileID: 100100000, guid: 1a84c1e1be9611c44bca862dba8ea036, type: 3}
--- !u!4 &401454886 stripped
Transform:
  m_CorrespondingSourceObject: {fileID: 4715061541533032, guid: 1a84c1e1be9611c44bca862dba8ea036,
    type: 3}
  m_PrefabInstance: {fileID: 401454885}
  m_PrefabAsset: {fileID: 0}
--- !u!1001 &410481841
PrefabInstance:
  m_ObjectHideFlags: 0
  serializedVersion: 2
  m_Modification:
    m_TransformParent: {fileID: 436170874}
    m_Modifications:
    - target: {fileID: 100000, guid: 1bbb91c8d96cb2446a07151ce95d1f0f, type: 3}
      propertyPath: m_Name
      value: Baker_house
      objectReference: {fileID: 0}
    - target: {fileID: 400000, guid: 1bbb91c8d96cb2446a07151ce95d1f0f, type: 3}
      propertyPath: m_RootOrder
      value: 22
      objectReference: {fileID: 0}
    - target: {fileID: 400000, guid: 1bbb91c8d96cb2446a07151ce95d1f0f, type: 3}
      propertyPath: m_LocalPosition.x
      value: -3.0304556
      objectReference: {fileID: 0}
    - target: {fileID: 400000, guid: 1bbb91c8d96cb2446a07151ce95d1f0f, type: 3}
      propertyPath: m_LocalPosition.y
      value: -2.725719
      objectReference: {fileID: 0}
    - target: {fileID: 400000, guid: 1bbb91c8d96cb2446a07151ce95d1f0f, type: 3}
      propertyPath: m_LocalPosition.z
      value: -21.356709
      objectReference: {fileID: 0}
    - target: {fileID: 400000, guid: 1bbb91c8d96cb2446a07151ce95d1f0f, type: 3}
      propertyPath: m_LocalRotation.w
      value: 0
      objectReference: {fileID: 0}
    - target: {fileID: 400000, guid: 1bbb91c8d96cb2446a07151ce95d1f0f, type: 3}
      propertyPath: m_LocalRotation.x
      value: -0
      objectReference: {fileID: 0}
    - target: {fileID: 400000, guid: 1bbb91c8d96cb2446a07151ce95d1f0f, type: 3}
      propertyPath: m_LocalRotation.y
      value: 0.7071068
      objectReference: {fileID: 0}
    - target: {fileID: 400000, guid: 1bbb91c8d96cb2446a07151ce95d1f0f, type: 3}
      propertyPath: m_LocalRotation.z
      value: 0.7071068
      objectReference: {fileID: 0}
    - target: {fileID: 400000, guid: 1bbb91c8d96cb2446a07151ce95d1f0f, type: 3}
      propertyPath: m_LocalEulerAnglesHint.x
      value: -90
      objectReference: {fileID: 0}
    - target: {fileID: 400000, guid: 1bbb91c8d96cb2446a07151ce95d1f0f, type: 3}
      propertyPath: m_LocalEulerAnglesHint.y
      value: 180
      objectReference: {fileID: 0}
    - target: {fileID: 400000, guid: 1bbb91c8d96cb2446a07151ce95d1f0f, type: 3}
      propertyPath: m_LocalEulerAnglesHint.z
      value: 0
      objectReference: {fileID: 0}
    m_RemovedComponents: []
  m_SourcePrefab: {fileID: 100100000, guid: 1bbb91c8d96cb2446a07151ce95d1f0f, type: 3}
--- !u!4 &410481842 stripped
Transform:
  m_CorrespondingSourceObject: {fileID: 400000, guid: 1bbb91c8d96cb2446a07151ce95d1f0f,
    type: 3}
  m_PrefabInstance: {fileID: 410481841}
  m_PrefabAsset: {fileID: 0}
--- !u!1 &436170873
GameObject:
  m_ObjectHideFlags: 0
  m_CorrespondingSourceObject: {fileID: 0}
  m_PrefabInstance: {fileID: 0}
  m_PrefabAsset: {fileID: 0}
  serializedVersion: 6
  m_Component:
  - component: {fileID: 436170874}
  m_Layer: 0
  m_Name: Prefabs
  m_TagString: Untagged
  m_Icon: {fileID: 0}
  m_NavMeshLayer: 0
  m_StaticEditorFlags: 0
  m_IsActive: 1
--- !u!4 &436170874
Transform:
  m_ObjectHideFlags: 0
  m_CorrespondingSourceObject: {fileID: 0}
  m_PrefabInstance: {fileID: 0}
  m_PrefabAsset: {fileID: 0}
  m_GameObject: {fileID: 436170873}
  m_LocalRotation: {x: 0, y: 0, z: 0, w: 1}
  m_LocalPosition: {x: -6.3595448, y: 2.725719, z: 22.236708}
  m_LocalScale: {x: 1, y: 1, z: 1}
  m_ConstrainProportionsScale: 0
  m_Children:
  - {fileID: 1041915890}
  - {fileID: 2033400616}
  - {fileID: 1603647982}
  - {fileID: 1111810135}
  - {fileID: 1241624054}
  - {fileID: 1250791842}
  - {fileID: 640122239}
  - {fileID: 1040636267}
  - {fileID: 709183789}
  - {fileID: 1953695414}
  - {fileID: 1735391967}
  - {fileID: 499200733}
  - {fileID: 1948604863}
  - {fileID: 313534442}
  - {fileID: 401454886}
  - {fileID: 625576095}
  - {fileID: 1032552207}
  - {fileID: 1573585516}
  - {fileID: 1824245168}
  - {fileID: 1338696220}
  - {fileID: 1150588571}
  - {fileID: 1335876553}
  - {fileID: 410481842}
  - {fileID: 1911102499}
  m_Father: {fileID: 0}
  m_RootOrder: 1
  m_LocalEulerAnglesHint: {x: 0, y: 0, z: 0}
--- !u!1 &452736504
GameObject:
  m_ObjectHideFlags: 0
  m_CorrespondingSourceObject: {fileID: 0}
  m_PrefabInstance: {fileID: 0}
  m_PrefabAsset: {fileID: 0}
  serializedVersion: 6
  m_Component:
  - component: {fileID: 452736505}
  m_Layer: 0
  m_Name: Village1
  m_TagString: Untagged
  m_Icon: {fileID: 0}
  m_NavMeshLayer: 0
  m_StaticEditorFlags: 0
  m_IsActive: 1
--- !u!4 &452736505
Transform:
  m_ObjectHideFlags: 0
  m_CorrespondingSourceObject: {fileID: 0}
  m_PrefabInstance: {fileID: 0}
  m_PrefabAsset: {fileID: 0}
  m_GameObject: {fileID: 452736504}
  m_LocalRotation: {x: 0, y: 0, z: 0, w: 1}
  m_LocalPosition: {x: -6.3595448, y: 2.725719, z: 22.236708}
  m_LocalScale: {x: 1, y: 1, z: 1}
  m_ConstrainProportionsScale: 0
  m_Children: []
  m_Father: {fileID: 0}
  m_RootOrder: 2
  m_LocalEulerAnglesHint: {x: 0, y: 0, z: 0}
--- !u!1001 &499200732
PrefabInstance:
  m_ObjectHideFlags: 0
  serializedVersion: 2
  m_Modification:
    m_TransformParent: {fileID: 436170874}
    m_Modifications:
    - target: {fileID: 1900882717790826, guid: 16ecce9cc728dbf4284b95589f19b796, type: 3}
      propertyPath: m_Name
      value: table
      objectReference: {fileID: 0}
    - target: {fileID: 4694350218193332, guid: 16ecce9cc728dbf4284b95589f19b796, type: 3}
      propertyPath: m_RootOrder
      value: 11
      objectReference: {fileID: 0}
    - target: {fileID: 4694350218193332, guid: 16ecce9cc728dbf4284b95589f19b796, type: 3}
      propertyPath: m_LocalPosition.x
      value: -21.61891
      objectReference: {fileID: 0}
    - target: {fileID: 4694350218193332, guid: 16ecce9cc728dbf4284b95589f19b796, type: 3}
      propertyPath: m_LocalPosition.y
      value: -2.622313
      objectReference: {fileID: 0}
    - target: {fileID: 4694350218193332, guid: 16ecce9cc728dbf4284b95589f19b796, type: 3}
      propertyPath: m_LocalPosition.z
      value: -6.6668577
      objectReference: {fileID: 0}
    - target: {fileID: 4694350218193332, guid: 16ecce9cc728dbf4284b95589f19b796, type: 3}
      propertyPath: m_LocalRotation.w
      value: 1
      objectReference: {fileID: 0}
    - target: {fileID: 4694350218193332, guid: 16ecce9cc728dbf4284b95589f19b796, type: 3}
      propertyPath: m_LocalRotation.x
      value: -0
      objectReference: {fileID: 0}
    - target: {fileID: 4694350218193332, guid: 16ecce9cc728dbf4284b95589f19b796, type: 3}
      propertyPath: m_LocalRotation.y
      value: -0
      objectReference: {fileID: 0}
    - target: {fileID: 4694350218193332, guid: 16ecce9cc728dbf4284b95589f19b796, type: 3}
      propertyPath: m_LocalRotation.z
      value: -0
      objectReference: {fileID: 0}
    - target: {fileID: 4694350218193332, guid: 16ecce9cc728dbf4284b95589f19b796, type: 3}
      propertyPath: m_LocalEulerAnglesHint.x
      value: 0
      objectReference: {fileID: 0}
    - target: {fileID: 4694350218193332, guid: 16ecce9cc728dbf4284b95589f19b796, type: 3}
      propertyPath: m_LocalEulerAnglesHint.y
      value: 0
      objectReference: {fileID: 0}
    - target: {fileID: 4694350218193332, guid: 16ecce9cc728dbf4284b95589f19b796, type: 3}
      propertyPath: m_LocalEulerAnglesHint.z
      value: 0
      objectReference: {fileID: 0}
    m_RemovedComponents: []
  m_SourcePrefab: {fileID: 100100000, guid: 16ecce9cc728dbf4284b95589f19b796, type: 3}
--- !u!4 &499200733 stripped
Transform:
  m_CorrespondingSourceObject: {fileID: 4694350218193332, guid: 16ecce9cc728dbf4284b95589f19b796,
    type: 3}
  m_PrefabInstance: {fileID: 499200732}
  m_PrefabAsset: {fileID: 0}
--- !u!1001 &625576094
PrefabInstance:
  m_ObjectHideFlags: 0
  serializedVersion: 2
  m_Modification:
    m_TransformParent: {fileID: 436170874}
    m_Modifications:
    - target: {fileID: 1956026468246524, guid: 58de58a8ad0360e4a8aa08535edf42d5, type: 3}
      propertyPath: m_Name
      value: Pointer
      objectReference: {fileID: 0}
    - target: {fileID: 4040340691911216, guid: 58de58a8ad0360e4a8aa08535edf42d5, type: 3}
      propertyPath: m_RootOrder
      value: 15
      objectReference: {fileID: 0}
    - target: {fileID: 4040340691911216, guid: 58de58a8ad0360e4a8aa08535edf42d5, type: 3}
      propertyPath: m_LocalPosition.x
      value: -8.416075
      objectReference: {fileID: 0}
    - target: {fileID: 4040340691911216, guid: 58de58a8ad0360e4a8aa08535edf42d5, type: 3}
      propertyPath: m_LocalPosition.y
      value: -2.5796654
      objectReference: {fileID: 0}
    - target: {fileID: 4040340691911216, guid: 58de58a8ad0360e4a8aa08535edf42d5, type: 3}
      propertyPath: m_LocalPosition.z
      value: -6.8813467
      objectReference: {fileID: 0}
    - target: {fileID: 4040340691911216, guid: 58de58a8ad0360e4a8aa08535edf42d5, type: 3}
      propertyPath: m_LocalRotation.w
      value: 1
      objectReference: {fileID: 0}
    - target: {fileID: 4040340691911216, guid: 58de58a8ad0360e4a8aa08535edf42d5, type: 3}
      propertyPath: m_LocalRotation.x
      value: -0
      objectReference: {fileID: 0}
    - target: {fileID: 4040340691911216, guid: 58de58a8ad0360e4a8aa08535edf42d5, type: 3}
      propertyPath: m_LocalRotation.y
      value: -0
      objectReference: {fileID: 0}
    - target: {fileID: 4040340691911216, guid: 58de58a8ad0360e4a8aa08535edf42d5, type: 3}
      propertyPath: m_LocalRotation.z
      value: -0
      objectReference: {fileID: 0}
    - target: {fileID: 4040340691911216, guid: 58de58a8ad0360e4a8aa08535edf42d5, type: 3}
      propertyPath: m_LocalEulerAnglesHint.x
      value: 0
      objectReference: {fileID: 0}
    - target: {fileID: 4040340691911216, guid: 58de58a8ad0360e4a8aa08535edf42d5, type: 3}
      propertyPath: m_LocalEulerAnglesHint.y
      value: 0
      objectReference: {fileID: 0}
    - target: {fileID: 4040340691911216, guid: 58de58a8ad0360e4a8aa08535edf42d5, type: 3}
      propertyPath: m_LocalEulerAnglesHint.z
      value: 0
      objectReference: {fileID: 0}
    m_RemovedComponents: []
  m_SourcePrefab: {fileID: 100100000, guid: 58de58a8ad0360e4a8aa08535edf42d5, type: 3}
--- !u!4 &625576095 stripped
Transform:
  m_CorrespondingSourceObject: {fileID: 4040340691911216, guid: 58de58a8ad0360e4a8aa08535edf42d5,
    type: 3}
  m_PrefabInstance: {fileID: 625576094}
  m_PrefabAsset: {fileID: 0}
--- !u!1001 &640122238
PrefabInstance:
  m_ObjectHideFlags: 0
  serializedVersion: 2
  m_Modification:
    m_TransformParent: {fileID: 436170874}
    m_Modifications:
    - target: {fileID: 1428154255958496, guid: 6ec98d5379f963149a2ae1800c3d072d, type: 3}
      propertyPath: m_Name
      value: vessel_3
      objectReference: {fileID: 0}
    - target: {fileID: 4146236414195662, guid: 6ec98d5379f963149a2ae1800c3d072d, type: 3}
      propertyPath: m_RootOrder
      value: 6
      objectReference: {fileID: 0}
    - target: {fileID: 4146236414195662, guid: 6ec98d5379f963149a2ae1800c3d072d, type: 3}
      propertyPath: m_LocalPosition.x
      value: -5.8273735
      objectReference: {fileID: 0}
    - target: {fileID: 4146236414195662, guid: 6ec98d5379f963149a2ae1800c3d072d, type: 3}
      propertyPath: m_LocalPosition.y
      value: -2.7145383
      objectReference: {fileID: 0}
    - target: {fileID: 4146236414195662, guid: 6ec98d5379f963149a2ae1800c3d072d, type: 3}
      propertyPath: m_LocalPosition.z
      value: -1.7006512
      objectReference: {fileID: 0}
    - target: {fileID: 4146236414195662, guid: 6ec98d5379f963149a2ae1800c3d072d, type: 3}
      propertyPath: m_LocalRotation.w
      value: 1
      objectReference: {fileID: 0}
    - target: {fileID: 4146236414195662, guid: 6ec98d5379f963149a2ae1800c3d072d, type: 3}
      propertyPath: m_LocalRotation.x
      value: -0
      objectReference: {fileID: 0}
    - target: {fileID: 4146236414195662, guid: 6ec98d5379f963149a2ae1800c3d072d, type: 3}
      propertyPath: m_LocalRotation.y
      value: -0
      objectReference: {fileID: 0}
    - target: {fileID: 4146236414195662, guid: 6ec98d5379f963149a2ae1800c3d072d, type: 3}
      propertyPath: m_LocalRotation.z
      value: -0
      objectReference: {fileID: 0}
    - target: {fileID: 4146236414195662, guid: 6ec98d5379f963149a2ae1800c3d072d, type: 3}
      propertyPath: m_LocalEulerAnglesHint.x
      value: 0
      objectReference: {fileID: 0}
    - target: {fileID: 4146236414195662, guid: 6ec98d5379f963149a2ae1800c3d072d, type: 3}
      propertyPath: m_LocalEulerAnglesHint.y
      value: 0
      objectReference: {fileID: 0}
    - target: {fileID: 4146236414195662, guid: 6ec98d5379f963149a2ae1800c3d072d, type: 3}
      propertyPath: m_LocalEulerAnglesHint.z
      value: 0
      objectReference: {fileID: 0}
    m_RemovedComponents: []
  m_SourcePrefab: {fileID: 100100000, guid: 6ec98d5379f963149a2ae1800c3d072d, type: 3}
--- !u!4 &640122239 stripped
Transform:
  m_CorrespondingSourceObject: {fileID: 4146236414195662, guid: 6ec98d5379f963149a2ae1800c3d072d,
    type: 3}
  m_PrefabInstance: {fileID: 640122238}
  m_PrefabAsset: {fileID: 0}
--- !u!1001 &709183788
PrefabInstance:
  m_ObjectHideFlags: 0
  serializedVersion: 2
  m_Modification:
    m_TransformParent: {fileID: 436170874}
    m_Modifications:
    - target: {fileID: 1329210585402368, guid: 6410c48c3cbac294bb361556292ee964, type: 3}
      propertyPath: m_Name
      value: vessel_1
      objectReference: {fileID: 0}
    - target: {fileID: 4097715447307786, guid: 6410c48c3cbac294bb361556292ee964, type: 3}
      propertyPath: m_RootOrder
      value: 8
      objectReference: {fileID: 0}
    - target: {fileID: 4097715447307786, guid: 6410c48c3cbac294bb361556292ee964, type: 3}
      propertyPath: m_LocalPosition.x
      value: -1.9605999
      objectReference: {fileID: 0}
    - target: {fileID: 4097715447307786, guid: 6410c48c3cbac294bb361556292ee964, type: 3}
      propertyPath: m_LocalPosition.y
      value: -2.7026138
      objectReference: {fileID: 0}
    - target: {fileID: 4097715447307786, guid: 6410c48c3cbac294bb361556292ee964, type: 3}
      propertyPath: m_LocalPosition.z
      value: -1.3002472
      objectReference: {fileID: 0}
    - target: {fileID: 4097715447307786, guid: 6410c48c3cbac294bb361556292ee964, type: 3}
      propertyPath: m_LocalRotation.w
      value: 1
      objectReference: {fileID: 0}
    - target: {fileID: 4097715447307786, guid: 6410c48c3cbac294bb361556292ee964, type: 3}
      propertyPath: m_LocalRotation.x
      value: -0
      objectReference: {fileID: 0}
    - target: {fileID: 4097715447307786, guid: 6410c48c3cbac294bb361556292ee964, type: 3}
      propertyPath: m_LocalRotation.y
      value: -0
      objectReference: {fileID: 0}
    - target: {fileID: 4097715447307786, guid: 6410c48c3cbac294bb361556292ee964, type: 3}
      propertyPath: m_LocalRotation.z
      value: -0
      objectReference: {fileID: 0}
    - target: {fileID: 4097715447307786, guid: 6410c48c3cbac294bb361556292ee964, type: 3}
      propertyPath: m_LocalEulerAnglesHint.x
      value: 0
      objectReference: {fileID: 0}
    - target: {fileID: 4097715447307786, guid: 6410c48c3cbac294bb361556292ee964, type: 3}
      propertyPath: m_LocalEulerAnglesHint.y
      value: 0
      objectReference: {fileID: 0}
    - target: {fileID: 4097715447307786, guid: 6410c48c3cbac294bb361556292ee964, type: 3}
      propertyPath: m_LocalEulerAnglesHint.z
      value: 0
      objectReference: {fileID: 0}
    m_RemovedComponents: []
  m_SourcePrefab: {fileID: 100100000, guid: 6410c48c3cbac294bb361556292ee964, type: 3}
--- !u!4 &709183789 stripped
Transform:
  m_CorrespondingSourceObject: {fileID: 4097715447307786, guid: 6410c48c3cbac294bb361556292ee964,
    type: 3}
  m_PrefabInstance: {fileID: 709183788}
  m_PrefabAsset: {fileID: 0}
--- !u!1001 &1032552206
PrefabInstance:
  m_ObjectHideFlags: 0
  serializedVersion: 2
  m_Modification:
    m_TransformParent: {fileID: 436170874}
    m_Modifications:
    - target: {fileID: 1410809539762812, guid: 597bc9826ef14f048901936686d2295a, type: 3}
      propertyPath: m_Name
      value: frewood_1
      objectReference: {fileID: 0}
    - target: {fileID: 4245654529026912, guid: 597bc9826ef14f048901936686d2295a, type: 3}
      propertyPath: m_RootOrder
      value: 16
      objectReference: {fileID: 0}
    - target: {fileID: 4245654529026912, guid: 597bc9826ef14f048901936686d2295a, type: 3}
      propertyPath: m_LocalPosition.x
      value: -4.6766806
      objectReference: {fileID: 0}
    - target: {fileID: 4245654529026912, guid: 597bc9826ef14f048901936686d2295a, type: 3}
      propertyPath: m_LocalPosition.y
      value: -2.6435697
      objectReference: {fileID: 0}
    - target: {fileID: 4245654529026912, guid: 597bc9826ef14f048901936686d2295a, type: 3}
      propertyPath: m_LocalPosition.z
      value: -7.5208597
      objectReference: {fileID: 0}
    - target: {fileID: 4245654529026912, guid: 597bc9826ef14f048901936686d2295a, type: 3}
      propertyPath: m_LocalRotation.w
      value: 1
      objectReference: {fileID: 0}
    - target: {fileID: 4245654529026912, guid: 597bc9826ef14f048901936686d2295a, type: 3}
      propertyPath: m_LocalRotation.x
      value: -0
      objectReference: {fileID: 0}
    - target: {fileID: 4245654529026912, guid: 597bc9826ef14f048901936686d2295a, type: 3}
      propertyPath: m_LocalRotation.y
      value: -0
      objectReference: {fileID: 0}
    - target: {fileID: 4245654529026912, guid: 597bc9826ef14f048901936686d2295a, type: 3}
      propertyPath: m_LocalRotation.z
      value: -0
      objectReference: {fileID: 0}
    - target: {fileID: 4245654529026912, guid: 597bc9826ef14f048901936686d2295a, type: 3}
      propertyPath: m_LocalEulerAnglesHint.x
      value: 0
      objectReference: {fileID: 0}
    - target: {fileID: 4245654529026912, guid: 597bc9826ef14f048901936686d2295a, type: 3}
      propertyPath: m_LocalEulerAnglesHint.y
      value: 0
      objectReference: {fileID: 0}
    - target: {fileID: 4245654529026912, guid: 597bc9826ef14f048901936686d2295a, type: 3}
      propertyPath: m_LocalEulerAnglesHint.z
      value: 0
      objectReference: {fileID: 0}
    m_RemovedComponents: []
  m_SourcePrefab: {fileID: 100100000, guid: 597bc9826ef14f048901936686d2295a, type: 3}
--- !u!4 &1032552207 stripped
Transform:
  m_CorrespondingSourceObject: {fileID: 4245654529026912, guid: 597bc9826ef14f048901936686d2295a,
    type: 3}
  m_PrefabInstance: {fileID: 1032552206}
  m_PrefabAsset: {fileID: 0}
--- !u!1001 &1040636266
PrefabInstance:
  m_ObjectHideFlags: 0
  serializedVersion: 2
  m_Modification:
    m_TransformParent: {fileID: 436170874}
    m_Modifications:
    - target: {fileID: 1627970380628062, guid: e2abddf6f84ba3c44bb9cb6a368e288e, type: 3}
      propertyPath: m_Name
      value: vessel_2
      objectReference: {fileID: 0}
    - target: {fileID: 4108483488137408, guid: e2abddf6f84ba3c44bb9cb6a368e288e, type: 3}
      propertyPath: m_RootOrder
      value: 7
      objectReference: {fileID: 0}
    - target: {fileID: 4108483488137408, guid: e2abddf6f84ba3c44bb9cb6a368e288e, type: 3}
      propertyPath: m_LocalPosition.x
      value: -3.9419422
      objectReference: {fileID: 0}
    - target: {fileID: 4108483488137408, guid: e2abddf6f84ba3c44bb9cb6a368e288e, type: 3}
      propertyPath: m_LocalPosition.y
      value: -4.5341434
      objectReference: {fileID: 0}
    - target: {fileID: 4108483488137408, guid: e2abddf6f84ba3c44bb9cb6a368e288e, type: 3}
      propertyPath: m_LocalPosition.z
      value: -0.77365685
      objectReference: {fileID: 0}
    - target: {fileID: 4108483488137408, guid: e2abddf6f84ba3c44bb9cb6a368e288e, type: 3}
      propertyPath: m_LocalRotation.w
      value: 1
      objectReference: {fileID: 0}
    - target: {fileID: 4108483488137408, guid: e2abddf6f84ba3c44bb9cb6a368e288e, type: 3}
      propertyPath: m_LocalRotation.x
      value: -0
      objectReference: {fileID: 0}
    - target: {fileID: 4108483488137408, guid: e2abddf6f84ba3c44bb9cb6a368e288e, type: 3}
      propertyPath: m_LocalRotation.y
      value: -0
      objectReference: {fileID: 0}
    - target: {fileID: 4108483488137408, guid: e2abddf6f84ba3c44bb9cb6a368e288e, type: 3}
      propertyPath: m_LocalRotation.z
      value: -0
      objectReference: {fileID: 0}
    - target: {fileID: 4108483488137408, guid: e2abddf6f84ba3c44bb9cb6a368e288e, type: 3}
      propertyPath: m_LocalEulerAnglesHint.x
      value: 0
      objectReference: {fileID: 0}
    - target: {fileID: 4108483488137408, guid: e2abddf6f84ba3c44bb9cb6a368e288e, type: 3}
      propertyPath: m_LocalEulerAnglesHint.y
      value: 0
      objectReference: {fileID: 0}
    - target: {fileID: 4108483488137408, guid: e2abddf6f84ba3c44bb9cb6a368e288e, type: 3}
      propertyPath: m_LocalEulerAnglesHint.z
      value: 0
      objectReference: {fileID: 0}
    m_RemovedComponents: []
  m_SourcePrefab: {fileID: 100100000, guid: e2abddf6f84ba3c44bb9cb6a368e288e, type: 3}
--- !u!4 &1040636267 stripped
Transform:
  m_CorrespondingSourceObject: {fileID: 4108483488137408, guid: e2abddf6f84ba3c44bb9cb6a368e288e,
    type: 3}
  m_PrefabInstance: {fileID: 1040636266}
  m_PrefabAsset: {fileID: 0}
--- !u!1001 &1041915889
PrefabInstance:
  m_ObjectHideFlags: 0
  serializedVersion: 2
  m_Modification:
    m_TransformParent: {fileID: 436170874}
    m_Modifications:
    - target: {fileID: 4839484480879705546, guid: 90b488bf8ef741247b5b713e37efac84,
        type: 3}
      propertyPath: m_Name
      value: PF_Roman
      objectReference: {fileID: 0}
    - target: {fileID: 5215904844663613296, guid: 90b488bf8ef741247b5b713e37efac84,
        type: 3}
      propertyPath: m_RootOrder
      value: 0
      objectReference: {fileID: 0}
    - target: {fileID: 5215904844663613296, guid: 90b488bf8ef741247b5b713e37efac84,
        type: 3}
      propertyPath: m_LocalScale.x
      value: 0.05
      objectReference: {fileID: 0}
    - target: {fileID: 5215904844663613296, guid: 90b488bf8ef741247b5b713e37efac84,
        type: 3}
      propertyPath: m_LocalScale.y
      value: 0.05
      objectReference: {fileID: 0}
    - target: {fileID: 5215904844663613296, guid: 90b488bf8ef741247b5b713e37efac84,
        type: 3}
      propertyPath: m_LocalScale.z
      value: 0.05
      objectReference: {fileID: 0}
    - target: {fileID: 5215904844663613296, guid: 90b488bf8ef741247b5b713e37efac84,
        type: 3}
      propertyPath: m_LocalPosition.x
      value: -23.060455
      objectReference: {fileID: 0}
    - target: {fileID: 5215904844663613296, guid: 90b488bf8ef741247b5b713e37efac84,
        type: 3}
      propertyPath: m_LocalPosition.y
      value: -1.9425049
      objectReference: {fileID: 0}
    - target: {fileID: 5215904844663613296, guid: 90b488bf8ef741247b5b713e37efac84,
        type: 3}
      propertyPath: m_LocalPosition.z
      value: -2.7167072
      objectReference: {fileID: 0}
    - target: {fileID: 5215904844663613296, guid: 90b488bf8ef741247b5b713e37efac84,
        type: 3}
      propertyPath: m_LocalRotation.w
      value: 1
      objectReference: {fileID: 0}
    - target: {fileID: 5215904844663613296, guid: 90b488bf8ef741247b5b713e37efac84,
        type: 3}
      propertyPath: m_LocalRotation.x
      value: -0
      objectReference: {fileID: 0}
    - target: {fileID: 5215904844663613296, guid: 90b488bf8ef741247b5b713e37efac84,
        type: 3}
      propertyPath: m_LocalRotation.y
      value: -0
      objectReference: {fileID: 0}
    - target: {fileID: 5215904844663613296, guid: 90b488bf8ef741247b5b713e37efac84,
        type: 3}
      propertyPath: m_LocalRotation.z
      value: -0
      objectReference: {fileID: 0}
    - target: {fileID: 5215904844663613296, guid: 90b488bf8ef741247b5b713e37efac84,
        type: 3}
      propertyPath: m_LocalEulerAnglesHint.x
      value: 0
      objectReference: {fileID: 0}
    - target: {fileID: 5215904844663613296, guid: 90b488bf8ef741247b5b713e37efac84,
        type: 3}
      propertyPath: m_LocalEulerAnglesHint.y
      value: 0
      objectReference: {fileID: 0}
    - target: {fileID: 5215904844663613296, guid: 90b488bf8ef741247b5b713e37efac84,
        type: 3}
      propertyPath: m_LocalEulerAnglesHint.z
      value: 0
      objectReference: {fileID: 0}
    - target: {fileID: 5215904844663613296, guid: 90b488bf8ef741247b5b713e37efac84,
        type: 3}
      propertyPath: m_ConstrainProportionsScale
      value: 1
      objectReference: {fileID: 0}
    m_RemovedComponents: []
  m_SourcePrefab: {fileID: 100100000, guid: 90b488bf8ef741247b5b713e37efac84, type: 3}
--- !u!4 &1041915890 stripped
Transform:
  m_CorrespondingSourceObject: {fileID: 5215904844663613296, guid: 90b488bf8ef741247b5b713e37efac84,
    type: 3}
  m_PrefabInstance: {fileID: 1041915889}
  m_PrefabAsset: {fileID: 0}
--- !u!1001 &1111810134
PrefabInstance:
  m_ObjectHideFlags: 0
  serializedVersion: 2
  m_Modification:
    m_TransformParent: {fileID: 436170874}
    m_Modifications:
    - target: {fileID: 4660813293712867977, guid: 12a38ee0dba70fe48a0a435f63e91f7e,
        type: 3}
      propertyPath: m_Name
      value: PF_Dagger
      objectReference: {fileID: 0}
    - target: {fileID: 5468874439147706419, guid: 12a38ee0dba70fe48a0a435f63e91f7e,
        type: 3}
      propertyPath: m_RootOrder
      value: 3
      objectReference: {fileID: 0}
    - target: {fileID: 5468874439147706419, guid: 12a38ee0dba70fe48a0a435f63e91f7e,
        type: 3}
      propertyPath: m_LocalScale.x
      value: 0.05
      objectReference: {fileID: 0}
    - target: {fileID: 5468874439147706419, guid: 12a38ee0dba70fe48a0a435f63e91f7e,
        type: 3}
      propertyPath: m_LocalScale.y
      value: 0.05
      objectReference: {fileID: 0}
    - target: {fileID: 5468874439147706419, guid: 12a38ee0dba70fe48a0a435f63e91f7e,
        type: 3}
      propertyPath: m_LocalScale.z
      value: 0.05
      objectReference: {fileID: 0}
    - target: {fileID: 5468874439147706419, guid: 12a38ee0dba70fe48a0a435f63e91f7e,
        type: 3}
      propertyPath: m_LocalPosition.x
      value: -16.320456
      objectReference: {fileID: 0}
    - target: {fileID: 5468874439147706419, guid: 12a38ee0dba70fe48a0a435f63e91f7e,
        type: 3}
      propertyPath: m_LocalPosition.y
      value: -1.985719
      objectReference: {fileID: 0}
    - target: {fileID: 5468874439147706419, guid: 12a38ee0dba70fe48a0a435f63e91f7e,
        type: 3}
      propertyPath: m_LocalPosition.z
      value: -2.2567081
      objectReference: {fileID: 0}
    - target: {fileID: 5468874439147706419, guid: 12a38ee0dba70fe48a0a435f63e91f7e,
        type: 3}
      propertyPath: m_LocalRotation.w
      value: 1
      objectReference: {fileID: 0}
    - target: {fileID: 5468874439147706419, guid: 12a38ee0dba70fe48a0a435f63e91f7e,
        type: 3}
      propertyPath: m_LocalRotation.x
      value: -0
      objectReference: {fileID: 0}
    - target: {fileID: 5468874439147706419, guid: 12a38ee0dba70fe48a0a435f63e91f7e,
        type: 3}
      propertyPath: m_LocalRotation.y
      value: -0
      objectReference: {fileID: 0}
    - target: {fileID: 5468874439147706419, guid: 12a38ee0dba70fe48a0a435f63e91f7e,
        type: 3}
      propertyPath: m_LocalRotation.z
      value: -0
      objectReference: {fileID: 0}
    - target: {fileID: 5468874439147706419, guid: 12a38ee0dba70fe48a0a435f63e91f7e,
        type: 3}
      propertyPath: m_LocalEulerAnglesHint.x
      value: 0
      objectReference: {fileID: 0}
    - target: {fileID: 5468874439147706419, guid: 12a38ee0dba70fe48a0a435f63e91f7e,
        type: 3}
      propertyPath: m_LocalEulerAnglesHint.y
      value: 0
      objectReference: {fileID: 0}
    - target: {fileID: 5468874439147706419, guid: 12a38ee0dba70fe48a0a435f63e91f7e,
        type: 3}
      propertyPath: m_LocalEulerAnglesHint.z
      value: 0
      objectReference: {fileID: 0}
    - target: {fileID: 5468874439147706419, guid: 12a38ee0dba70fe48a0a435f63e91f7e,
        type: 3}
      propertyPath: m_ConstrainProportionsScale
      value: 1
      objectReference: {fileID: 0}
    m_RemovedComponents: []
  m_SourcePrefab: {fileID: 100100000, guid: 12a38ee0dba70fe48a0a435f63e91f7e, type: 3}
--- !u!4 &1111810135 stripped
Transform:
  m_CorrespondingSourceObject: {fileID: 5468874439147706419, guid: 12a38ee0dba70fe48a0a435f63e91f7e,
    type: 3}
  m_PrefabInstance: {fileID: 1111810134}
  m_PrefabAsset: {fileID: 0}
--- !u!1 &1137090712
GameObject:
  m_ObjectHideFlags: 0
  m_CorrespondingSourceObject: {fileID: 0}
  m_PrefabInstance: {fileID: 0}
  m_PrefabAsset: {fileID: 0}
  serializedVersion: 6
  m_Component:
  - component: {fileID: 1137090714}
  - component: {fileID: 1137090713}
  - component: {fileID: 1137090715}
  m_Layer: 0
  m_Name: Directional Light
  m_TagString: Untagged
  m_Icon: {fileID: 0}
  m_NavMeshLayer: 0
  m_StaticEditorFlags: 0
  m_IsActive: 1
--- !u!108 &1137090713
Light:
  m_ObjectHideFlags: 0
  m_CorrespondingSourceObject: {fileID: 0}
  m_PrefabInstance: {fileID: 0}
  m_PrefabAsset: {fileID: 0}
  m_GameObject: {fileID: 1137090712}
  m_Enabled: 1
  serializedVersion: 10
  m_Type: 1
  m_Shape: 0
  m_Color: {r: 1, g: 0.95686275, b: 0.8392157, a: 1}
  m_Intensity: 0.73
  m_Range: 10
  m_SpotAngle: 30
  m_InnerSpotAngle: 21.80208
  m_CookieSize: 10
  m_Shadows:
    m_Type: 2
    m_Resolution: 3
    m_CustomResolution: -1
    m_Strength: 1
    m_Bias: 0.05
    m_NormalBias: 0.4
    m_NearPlane: 0.2
    m_CullingMatrixOverride:
      e00: 1
      e01: 0
      e02: 0
      e03: 0
      e10: 0
      e11: 1
      e12: 0
      e13: 0
      e20: 0
      e21: 0
      e22: 1
      e23: 0
      e30: 0
      e31: 0
      e32: 0
      e33: 1
    m_UseCullingMatrixOverride: 0
  m_Cookie: {fileID: 0}
  m_DrawHalo: 0
  m_Flare: {fileID: 0}
  m_RenderMode: 0
  m_CullingMask:
    serializedVersion: 2
    m_Bits: 4294967295
  m_RenderingLayerMask: 1
  m_Lightmapping: 4
  m_LightShadowCasterMode: 0
  m_AreaSize: {x: 1, y: 1}
  m_BounceIntensity: 0.83
  m_ColorTemperature: 6570
  m_UseColorTemperature: 0
  m_BoundingSphereOverride: {x: 0, y: 0, z: 0, w: 0}
  m_UseBoundingSphereOverride: 0
  m_UseViewFrustumForShadowCasterCull: 1
  m_ShadowRadius: 0
  m_ShadowAngle: 0
--- !u!4 &1137090714
Transform:
  m_ObjectHideFlags: 0
  m_CorrespondingSourceObject: {fileID: 0}
  m_PrefabInstance: {fileID: 0}
  m_PrefabAsset: {fileID: 0}
  m_GameObject: {fileID: 1137090712}
  m_LocalRotation: {x: 0.11471565, y: 0.8722807, z: -0.40675116, w: 0.24600853}
  m_LocalPosition: {x: -0.14, y: 117.7, z: -6.94}
  m_LocalScale: {x: 1, y: 1, z: 1}
  m_ConstrainProportionsScale: 0
  m_Children: []
  m_Father: {fileID: 0}
  m_RootOrder: 0
  m_LocalEulerAnglesHint: {x: 50, y: -571.5, z: 0}
--- !u!114 &1137090715
MonoBehaviour:
  m_ObjectHideFlags: 0
  m_CorrespondingSourceObject: {fileID: 0}
  m_PrefabInstance: {fileID: 0}
  m_PrefabAsset: {fileID: 0}
  m_GameObject: {fileID: 1137090712}
  m_Enabled: 1
  m_EditorHideFlags: 0
  m_Script: {fileID: 11500000, guid: 474bcb49853aa07438625e644c072ee6, type: 3}
  m_Name: 
  m_EditorClassIdentifier: 
  m_Version: 1
  m_UsePipelineSettings: 1
  m_AdditionalLightsShadowResolutionTier: 2
  m_LightLayerMask: 1
  m_CustomShadowLayers: 0
  m_ShadowLayerMask: 1
  m_LightCookieSize: {x: 1, y: 1}
  m_LightCookieOffset: {x: 0, y: 0}
--- !u!1001 &1150588570
PrefabInstance:
  m_ObjectHideFlags: 0
  serializedVersion: 2
  m_Modification:
    m_TransformParent: {fileID: 436170874}
    m_Modifications:
    - target: {fileID: 1025255647487548, guid: a966a24842bb4d84783e345d8ccccdae, type: 3}
      propertyPath: m_Name
      value: axe
      objectReference: {fileID: 0}
    - target: {fileID: 4391262410305102, guid: a966a24842bb4d84783e345d8ccccdae, type: 3}
      propertyPath: m_RootOrder
      value: 20
      objectReference: {fileID: 0}
    - target: {fileID: 4391262410305102, guid: a966a24842bb4d84783e345d8ccccdae, type: 3}
      propertyPath: m_LocalPosition.x
      value: 6.5228996
      objectReference: {fileID: 0}
    - target: {fileID: 4391262410305102, guid: a966a24842bb4d84783e345d8ccccdae, type: 3}
      propertyPath: m_LocalPosition.y
      value: -2.6674821
      objectReference: {fileID: 0}
    - target: {fileID: 4391262410305102, guid: a966a24842bb4d84783e345d8ccccdae, type: 3}
      propertyPath: m_LocalPosition.z
      value: -6.7486076
      objectReference: {fileID: 0}
    - target: {fileID: 4391262410305102, guid: a966a24842bb4d84783e345d8ccccdae, type: 3}
      propertyPath: m_LocalRotation.w
      value: 1
      objectReference: {fileID: 0}
    - target: {fileID: 4391262410305102, guid: a966a24842bb4d84783e345d8ccccdae, type: 3}
      propertyPath: m_LocalRotation.x
      value: -0
      objectReference: {fileID: 0}
    - target: {fileID: 4391262410305102, guid: a966a24842bb4d84783e345d8ccccdae, type: 3}
      propertyPath: m_LocalRotation.y
      value: -0
      objectReference: {fileID: 0}
    - target: {fileID: 4391262410305102, guid: a966a24842bb4d84783e345d8ccccdae, type: 3}
      propertyPath: m_LocalRotation.z
      value: -0
      objectReference: {fileID: 0}
    - target: {fileID: 4391262410305102, guid: a966a24842bb4d84783e345d8ccccdae, type: 3}
      propertyPath: m_LocalEulerAnglesHint.x
      value: 0
      objectReference: {fileID: 0}
    - target: {fileID: 4391262410305102, guid: a966a24842bb4d84783e345d8ccccdae, type: 3}
      propertyPath: m_LocalEulerAnglesHint.y
      value: 0
      objectReference: {fileID: 0}
    - target: {fileID: 4391262410305102, guid: a966a24842bb4d84783e345d8ccccdae, type: 3}
      propertyPath: m_LocalEulerAnglesHint.z
      value: 0
      objectReference: {fileID: 0}
    m_RemovedComponents: []
  m_SourcePrefab: {fileID: 100100000, guid: a966a24842bb4d84783e345d8ccccdae, type: 3}
--- !u!4 &1150588571 stripped
Transform:
  m_CorrespondingSourceObject: {fileID: 4391262410305102, guid: a966a24842bb4d84783e345d8ccccdae,
    type: 3}
  m_PrefabInstance: {fileID: 1150588570}
  m_PrefabAsset: {fileID: 0}
--- !u!1001 &1241624053
PrefabInstance:
  m_ObjectHideFlags: 0
  serializedVersion: 2
  m_Modification:
    m_TransformParent: {fileID: 436170874}
    m_Modifications:
    - target: {fileID: 4021777931134563982, guid: 7900083e7c9682e47b65c82ea0a528eb,
        type: 3}
      propertyPath: m_RootOrder
      value: 4
      objectReference: {fileID: 0}
    - target: {fileID: 4021777931134563982, guid: 7900083e7c9682e47b65c82ea0a528eb,
        type: 3}
      propertyPath: m_LocalScale.x
      value: 0.05
      objectReference: {fileID: 0}
    - target: {fileID: 4021777931134563982, guid: 7900083e7c9682e47b65c82ea0a528eb,
        type: 3}
      propertyPath: m_LocalScale.y
      value: 0.05
      objectReference: {fileID: 0}
    - target: {fileID: 4021777931134563982, guid: 7900083e7c9682e47b65c82ea0a528eb,
        type: 3}
      propertyPath: m_LocalScale.z
      value: 0.05
      objectReference: {fileID: 0}
    - target: {fileID: 4021777931134563982, guid: 7900083e7c9682e47b65c82ea0a528eb,
        type: 3}
      propertyPath: m_LocalPosition.x
      value: -13.680456
      objectReference: {fileID: 0}
    - target: {fileID: 4021777931134563982, guid: 7900083e7c9682e47b65c82ea0a528eb,
        type: 3}
      propertyPath: m_LocalPosition.y
      value: -5.4257193
      objectReference: {fileID: 0}
    - target: {fileID: 4021777931134563982, guid: 7900083e7c9682e47b65c82ea0a528eb,
        type: 3}
      propertyPath: m_LocalPosition.z
      value: -2.1867085
      objectReference: {fileID: 0}
    - target: {fileID: 4021777931134563982, guid: 7900083e7c9682e47b65c82ea0a528eb,
        type: 3}
      propertyPath: m_LocalRotation.w
      value: 1
      objectReference: {fileID: 0}
    - target: {fileID: 4021777931134563982, guid: 7900083e7c9682e47b65c82ea0a528eb,
        type: 3}
      propertyPath: m_LocalRotation.x
      value: -0
      objectReference: {fileID: 0}
    - target: {fileID: 4021777931134563982, guid: 7900083e7c9682e47b65c82ea0a528eb,
        type: 3}
      propertyPath: m_LocalRotation.y
      value: -0
      objectReference: {fileID: 0}
    - target: {fileID: 4021777931134563982, guid: 7900083e7c9682e47b65c82ea0a528eb,
        type: 3}
      propertyPath: m_LocalRotation.z
      value: -0
      objectReference: {fileID: 0}
    - target: {fileID: 4021777931134563982, guid: 7900083e7c9682e47b65c82ea0a528eb,
        type: 3}
      propertyPath: m_LocalEulerAnglesHint.x
      value: 0
      objectReference: {fileID: 0}
    - target: {fileID: 4021777931134563982, guid: 7900083e7c9682e47b65c82ea0a528eb,
        type: 3}
      propertyPath: m_LocalEulerAnglesHint.y
      value: 0
      objectReference: {fileID: 0}
    - target: {fileID: 4021777931134563982, guid: 7900083e7c9682e47b65c82ea0a528eb,
        type: 3}
      propertyPath: m_LocalEulerAnglesHint.z
      value: 0
      objectReference: {fileID: 0}
    - target: {fileID: 4367340539204840500, guid: 7900083e7c9682e47b65c82ea0a528eb,
        type: 3}
      propertyPath: m_Name
      value: PF_BigSword
      objectReference: {fileID: 0}
    m_RemovedComponents: []
  m_SourcePrefab: {fileID: 100100000, guid: 7900083e7c9682e47b65c82ea0a528eb, type: 3}
--- !u!4 &1241624054 stripped
Transform:
  m_CorrespondingSourceObject: {fileID: 4021777931134563982, guid: 7900083e7c9682e47b65c82ea0a528eb,
    type: 3}
  m_PrefabInstance: {fileID: 1241624053}
  m_PrefabAsset: {fileID: 0}
--- !u!1001 &1250791841
PrefabInstance:
  m_ObjectHideFlags: 0
  serializedVersion: 2
  m_Modification:
    m_TransformParent: {fileID: 436170874}
    m_Modifications:
    - target: {fileID: 1298568534607994, guid: 196e176e4da73bf449dba8cd3bb4a986, type: 3}
      propertyPath: m_Name
      value: well
      objectReference: {fileID: 0}
    - target: {fileID: 4376858769262882, guid: 196e176e4da73bf449dba8cd3bb4a986, type: 3}
      propertyPath: m_RootOrder
      value: 5
      objectReference: {fileID: 0}
    - target: {fileID: 4376858769262882, guid: 196e176e4da73bf449dba8cd3bb4a986, type: 3}
      propertyPath: m_LocalPosition.x
      value: -10.383379
      objectReference: {fileID: 0}
    - target: {fileID: 4376858769262882, guid: 196e176e4da73bf449dba8cd3bb4a986, type: 3}
      propertyPath: m_LocalPosition.y
      value: -2.7198865
      objectReference: {fileID: 0}
    - target: {fileID: 4376858769262882, guid: 196e176e4da73bf449dba8cd3bb4a986, type: 3}
      propertyPath: m_LocalPosition.z
      value: -0.8165264
      objectReference: {fileID: 0}
    - target: {fileID: 4376858769262882, guid: 196e176e4da73bf449dba8cd3bb4a986, type: 3}
      propertyPath: m_LocalRotation.w
      value: 1
      objectReference: {fileID: 0}
    - target: {fileID: 4376858769262882, guid: 196e176e4da73bf449dba8cd3bb4a986, type: 3}
      propertyPath: m_LocalRotation.x
      value: -0
      objectReference: {fileID: 0}
    - target: {fileID: 4376858769262882, guid: 196e176e4da73bf449dba8cd3bb4a986, type: 3}
      propertyPath: m_LocalRotation.y
      value: -0
      objectReference: {fileID: 0}
    - target: {fileID: 4376858769262882, guid: 196e176e4da73bf449dba8cd3bb4a986, type: 3}
      propertyPath: m_LocalRotation.z
      value: -0
      objectReference: {fileID: 0}
    - target: {fileID: 4376858769262882, guid: 196e176e4da73bf449dba8cd3bb4a986, type: 3}
      propertyPath: m_LocalEulerAnglesHint.x
      value: 0
      objectReference: {fileID: 0}
    - target: {fileID: 4376858769262882, guid: 196e176e4da73bf449dba8cd3bb4a986, type: 3}
      propertyPath: m_LocalEulerAnglesHint.y
      value: 0
      objectReference: {fileID: 0}
    - target: {fileID: 4376858769262882, guid: 196e176e4da73bf449dba8cd3bb4a986, type: 3}
      propertyPath: m_LocalEulerAnglesHint.z
      value: 0
      objectReference: {fileID: 0}
    m_RemovedComponents: []
  m_SourcePrefab: {fileID: 100100000, guid: 196e176e4da73bf449dba8cd3bb4a986, type: 3}
--- !u!4 &1250791842 stripped
Transform:
  m_CorrespondingSourceObject: {fileID: 4376858769262882, guid: 196e176e4da73bf449dba8cd3bb4a986,
    type: 3}
  m_PrefabInstance: {fileID: 1250791841}
  m_PrefabAsset: {fileID: 0}
--- !u!1001 &1335876552
PrefabInstance:
  m_ObjectHideFlags: 0
  serializedVersion: 2
  m_Modification:
    m_TransformParent: {fileID: 436170874}
    m_Modifications:
    - target: {fileID: 1504942241423840, guid: b8cb952614600b544b502cdcb6cd29c0, type: 3}
      propertyPath: m_Name
      value: Witchs_house
      objectReference: {fileID: 0}
    - target: {fileID: 4449949211273638, guid: b8cb952614600b544b502cdcb6cd29c0, type: 3}
      propertyPath: m_RootOrder
      value: 21
      objectReference: {fileID: 0}
    - target: {fileID: 4449949211273638, guid: b8cb952614600b544b502cdcb6cd29c0, type: 3}
      propertyPath: m_LocalPosition.x
      value: -12.234007
      objectReference: {fileID: 0}
    - target: {fileID: 4449949211273638, guid: b8cb952614600b544b502cdcb6cd29c0, type: 3}
      propertyPath: m_LocalPosition.y
      value: -2.7015257
      objectReference: {fileID: 0}
    - target: {fileID: 4449949211273638, guid: b8cb952614600b544b502cdcb6cd29c0, type: 3}
      propertyPath: m_LocalPosition.z
      value: -19.218346
      objectReference: {fileID: 0}
    - target: {fileID: 4449949211273638, guid: b8cb952614600b544b502cdcb6cd29c0, type: 3}
      propertyPath: m_LocalRotation.w
      value: 1
      objectReference: {fileID: 0}
    - target: {fileID: 4449949211273638, guid: b8cb952614600b544b502cdcb6cd29c0, type: 3}
      propertyPath: m_LocalRotation.x
      value: -0
      objectReference: {fileID: 0}
    - target: {fileID: 4449949211273638, guid: b8cb952614600b544b502cdcb6cd29c0, type: 3}
      propertyPath: m_LocalRotation.y
      value: -0
      objectReference: {fileID: 0}
    - target: {fileID: 4449949211273638, guid: b8cb952614600b544b502cdcb6cd29c0, type: 3}
      propertyPath: m_LocalRotation.z
      value: -0
      objectReference: {fileID: 0}
    - target: {fileID: 4449949211273638, guid: b8cb952614600b544b502cdcb6cd29c0, type: 3}
      propertyPath: m_LocalEulerAnglesHint.x
      value: 0
      objectReference: {fileID: 0}
    - target: {fileID: 4449949211273638, guid: b8cb952614600b544b502cdcb6cd29c0, type: 3}
      propertyPath: m_LocalEulerAnglesHint.y
      value: 0
      objectReference: {fileID: 0}
    - target: {fileID: 4449949211273638, guid: b8cb952614600b544b502cdcb6cd29c0, type: 3}
      propertyPath: m_LocalEulerAnglesHint.z
      value: 0
      objectReference: {fileID: 0}
    m_RemovedComponents: []
  m_SourcePrefab: {fileID: 100100000, guid: b8cb952614600b544b502cdcb6cd29c0, type: 3}
--- !u!4 &1335876553 stripped
Transform:
  m_CorrespondingSourceObject: {fileID: 4449949211273638, guid: b8cb952614600b544b502cdcb6cd29c0,
    type: 3}
  m_PrefabInstance: {fileID: 1335876552}
  m_PrefabAsset: {fileID: 0}
--- !u!1001 &1338696219
PrefabInstance:
  m_ObjectHideFlags: 0
  serializedVersion: 2
  m_Modification:
    m_TransformParent: {fileID: 436170874}
    m_Modifications:
    - target: {fileID: 1635101631415696, guid: 9ddfbd2a91f28cb418b79fb4678c09dd, type: 3}
      propertyPath: m_Name
      value: Board
      objectReference: {fileID: 0}
    - target: {fileID: 4169644648790202, guid: 9ddfbd2a91f28cb418b79fb4678c09dd, type: 3}
      propertyPath: m_RootOrder
      value: 19
      objectReference: {fileID: 0}
    - target: {fileID: 4169644648790202, guid: 9ddfbd2a91f28cb418b79fb4678c09dd, type: 3}
      propertyPath: m_LocalPosition.x
      value: 4.0813694
      objectReference: {fileID: 0}
    - target: {fileID: 4169644648790202, guid: 9ddfbd2a91f28cb418b79fb4678c09dd, type: 3}
      propertyPath: m_LocalPosition.y
      value: -2.7123077
      objectReference: {fileID: 0}
    - target: {fileID: 4169644648790202, guid: 9ddfbd2a91f28cb418b79fb4678c09dd, type: 3}
      propertyPath: m_LocalPosition.z
      value: -6.501788
      objectReference: {fileID: 0}
    - target: {fileID: 4169644648790202, guid: 9ddfbd2a91f28cb418b79fb4678c09dd, type: 3}
      propertyPath: m_LocalRotation.w
      value: 1
      objectReference: {fileID: 0}
    - target: {fileID: 4169644648790202, guid: 9ddfbd2a91f28cb418b79fb4678c09dd, type: 3}
      propertyPath: m_LocalRotation.x
      value: -0
      objectReference: {fileID: 0}
    - target: {fileID: 4169644648790202, guid: 9ddfbd2a91f28cb418b79fb4678c09dd, type: 3}
      propertyPath: m_LocalRotation.y
      value: -0
      objectReference: {fileID: 0}
    - target: {fileID: 4169644648790202, guid: 9ddfbd2a91f28cb418b79fb4678c09dd, type: 3}
      propertyPath: m_LocalRotation.z
      value: -0
      objectReference: {fileID: 0}
    - target: {fileID: 4169644648790202, guid: 9ddfbd2a91f28cb418b79fb4678c09dd, type: 3}
      propertyPath: m_LocalEulerAnglesHint.x
      value: 0
      objectReference: {fileID: 0}
    - target: {fileID: 4169644648790202, guid: 9ddfbd2a91f28cb418b79fb4678c09dd, type: 3}
      propertyPath: m_LocalEulerAnglesHint.y
      value: 0
      objectReference: {fileID: 0}
    - target: {fileID: 4169644648790202, guid: 9ddfbd2a91f28cb418b79fb4678c09dd, type: 3}
      propertyPath: m_LocalEulerAnglesHint.z
      value: 0
      objectReference: {fileID: 0}
    m_RemovedComponents: []
  m_SourcePrefab: {fileID: 100100000, guid: 9ddfbd2a91f28cb418b79fb4678c09dd, type: 3}
--- !u!4 &1338696220 stripped
Transform:
  m_CorrespondingSourceObject: {fileID: 4169644648790202, guid: 9ddfbd2a91f28cb418b79fb4678c09dd,
    type: 3}
  m_PrefabInstance: {fileID: 1338696219}
  m_PrefabAsset: {fileID: 0}
--- !u!1001 &1573585515
PrefabInstance:
  m_ObjectHideFlags: 0
  serializedVersion: 2
  m_Modification:
    m_TransformParent: {fileID: 436170874}
    m_Modifications:
    - target: {fileID: 1727974797030858, guid: 1fabff429656a5947b5c10c58e5d68f0, type: 3}
      propertyPath: m_Name
      value: frewood
      objectReference: {fileID: 0}
    - target: {fileID: 4566301697029274, guid: 1fabff429656a5947b5c10c58e5d68f0, type: 3}
      propertyPath: m_RootOrder
      value: 17
      objectReference: {fileID: 0}
    - target: {fileID: 4566301697029274, guid: 1fabff429656a5947b5c10c58e5d68f0, type: 3}
      propertyPath: m_LocalPosition.x
      value: -1.6254406
      objectReference: {fileID: 0}
    - target: {fileID: 4566301697029274, guid: 1fabff429656a5947b5c10c58e5d68f0, type: 3}
      propertyPath: m_LocalPosition.y
      value: -2.6518364
      objectReference: {fileID: 0}
    - target: {fileID: 4566301697029274, guid: 1fabff429656a5947b5c10c58e5d68f0, type: 3}
      propertyPath: m_LocalPosition.z
      value: -7.083681
      objectReference: {fileID: 0}
    - target: {fileID: 4566301697029274, guid: 1fabff429656a5947b5c10c58e5d68f0, type: 3}
      propertyPath: m_LocalRotation.w
      value: 0.98253465
      objectReference: {fileID: 0}
    - target: {fileID: 4566301697029274, guid: 1fabff429656a5947b5c10c58e5d68f0, type: 3}
      propertyPath: m_LocalRotation.x
      value: -0
      objectReference: {fileID: 0}
    - target: {fileID: 4566301697029274, guid: 1fabff429656a5947b5c10c58e5d68f0, type: 3}
      propertyPath: m_LocalRotation.y
      value: -0.18607992
      objectReference: {fileID: 0}
    - target: {fileID: 4566301697029274, guid: 1fabff429656a5947b5c10c58e5d68f0, type: 3}
      propertyPath: m_LocalRotation.z
      value: -0
      objectReference: {fileID: 0}
    - target: {fileID: 4566301697029274, guid: 1fabff429656a5947b5c10c58e5d68f0, type: 3}
      propertyPath: m_LocalEulerAnglesHint.x
      value: 0
      objectReference: {fileID: 0}
    - target: {fileID: 4566301697029274, guid: 1fabff429656a5947b5c10c58e5d68f0, type: 3}
      propertyPath: m_LocalEulerAnglesHint.y
      value: -21.448002
      objectReference: {fileID: 0}
    - target: {fileID: 4566301697029274, guid: 1fabff429656a5947b5c10c58e5d68f0, type: 3}
      propertyPath: m_LocalEulerAnglesHint.z
      value: 0
      objectReference: {fileID: 0}
    m_RemovedComponents: []
  m_SourcePrefab: {fileID: 100100000, guid: 1fabff429656a5947b5c10c58e5d68f0, type: 3}
--- !u!4 &1573585516 stripped
Transform:
  m_CorrespondingSourceObject: {fileID: 4566301697029274, guid: 1fabff429656a5947b5c10c58e5d68f0,
    type: 3}
  m_PrefabInstance: {fileID: 1573585515}
  m_PrefabAsset: {fileID: 0}
--- !u!1001 &1603647981
PrefabInstance:
  m_ObjectHideFlags: 0
  serializedVersion: 2
  m_Modification:
    m_TransformParent: {fileID: 436170874}
    m_Modifications:
    - target: {fileID: 3548106896746004693, guid: 4b40d645bca9ee9499b0a7b01f5fa18d,
        type: 3}
      propertyPath: m_RootOrder
      value: 2
      objectReference: {fileID: 0}
    - target: {fileID: 3548106896746004693, guid: 4b40d645bca9ee9499b0a7b01f5fa18d,
        type: 3}
      propertyPath: m_LocalScale.x
      value: 0.05
      objectReference: {fileID: 0}
    - target: {fileID: 3548106896746004693, guid: 4b40d645bca9ee9499b0a7b01f5fa18d,
        type: 3}
      propertyPath: m_LocalScale.y
      value: 0.05
      objectReference: {fileID: 0}
    - target: {fileID: 3548106896746004693, guid: 4b40d645bca9ee9499b0a7b01f5fa18d,
        type: 3}
      propertyPath: m_LocalScale.z
      value: 0.05
      objectReference: {fileID: 0}
    - target: {fileID: 3548106896746004693, guid: 4b40d645bca9ee9499b0a7b01f5fa18d,
        type: 3}
      propertyPath: m_LocalPosition.x
      value: -18.320456
      objectReference: {fileID: 0}
    - target: {fileID: 3548106896746004693, guid: 4b40d645bca9ee9499b0a7b01f5fa18d,
        type: 3}
      propertyPath: m_LocalPosition.y
      value: -2.085719
      objectReference: {fileID: 0}
    - target: {fileID: 3548106896746004693, guid: 4b40d645bca9ee9499b0a7b01f5fa18d,
        type: 3}
      propertyPath: m_LocalPosition.z
      value: -2.3467083
      objectReference: {fileID: 0}
    - target: {fileID: 3548106896746004693, guid: 4b40d645bca9ee9499b0a7b01f5fa18d,
        type: 3}
      propertyPath: m_LocalRotation.w
      value: 1
      objectReference: {fileID: 0}
    - target: {fileID: 3548106896746004693, guid: 4b40d645bca9ee9499b0a7b01f5fa18d,
        type: 3}
      propertyPath: m_LocalRotation.x
      value: -0
      objectReference: {fileID: 0}
    - target: {fileID: 3548106896746004693, guid: 4b40d645bca9ee9499b0a7b01f5fa18d,
        type: 3}
      propertyPath: m_LocalRotation.y
      value: -0
      objectReference: {fileID: 0}
    - target: {fileID: 3548106896746004693, guid: 4b40d645bca9ee9499b0a7b01f5fa18d,
        type: 3}
      propertyPath: m_LocalRotation.z
      value: -0
      objectReference: {fileID: 0}
    - target: {fileID: 3548106896746004693, guid: 4b40d645bca9ee9499b0a7b01f5fa18d,
        type: 3}
      propertyPath: m_LocalEulerAnglesHint.x
      value: 0
      objectReference: {fileID: 0}
    - target: {fileID: 3548106896746004693, guid: 4b40d645bca9ee9499b0a7b01f5fa18d,
        type: 3}
      propertyPath: m_LocalEulerAnglesHint.y
      value: 0
      objectReference: {fileID: 0}
    - target: {fileID: 3548106896746004693, guid: 4b40d645bca9ee9499b0a7b01f5fa18d,
        type: 3}
      propertyPath: m_LocalEulerAnglesHint.z
      value: 0
      objectReference: {fileID: 0}
    - target: {fileID: 3548106896746004693, guid: 4b40d645bca9ee9499b0a7b01f5fa18d,
        type: 3}
      propertyPath: m_ConstrainProportionsScale
      value: 1
      objectReference: {fileID: 0}
    - target: {fileID: 4212757636746615407, guid: 4b40d645bca9ee9499b0a7b01f5fa18d,
        type: 3}
      propertyPath: m_Name
      value: PF_Katana
      objectReference: {fileID: 0}
    m_RemovedComponents: []
  m_SourcePrefab: {fileID: 100100000, guid: 4b40d645bca9ee9499b0a7b01f5fa18d, type: 3}
--- !u!4 &1603647982 stripped
Transform:
  m_CorrespondingSourceObject: {fileID: 3548106896746004693, guid: 4b40d645bca9ee9499b0a7b01f5fa18d,
    type: 3}
  m_PrefabInstance: {fileID: 1603647981}
  m_PrefabAsset: {fileID: 0}
--- !u!1001 &1735391966
PrefabInstance:
  m_ObjectHideFlags: 0
  serializedVersion: 2
  m_Modification:
    m_TransformParent: {fileID: 436170874}
    m_Modifications:
    - target: {fileID: 1638564755874000, guid: 773fdcbd8f9b613428ed605e592a5f62, type: 3}
      propertyPath: m_Name
      value: vat
      objectReference: {fileID: 0}
    - target: {fileID: 4754664102619504, guid: 773fdcbd8f9b613428ed605e592a5f62, type: 3}
      propertyPath: m_RootOrder
      value: 10
      objectReference: {fileID: 0}
    - target: {fileID: 4754664102619504, guid: 773fdcbd8f9b613428ed605e592a5f62, type: 3}
      propertyPath: m_LocalPosition.x
      value: 5.0189447
      objectReference: {fileID: 0}
    - target: {fileID: 4754664102619504, guid: 773fdcbd8f9b613428ed605e592a5f62, type: 3}
      propertyPath: m_LocalPosition.y
      value: -2.6019402
      objectReference: {fileID: 0}
    - target: {fileID: 4754664102619504, guid: 773fdcbd8f9b613428ed605e592a5f62, type: 3}
      propertyPath: m_LocalPosition.z
      value: -2.152029
      objectReference: {fileID: 0}
    - target: {fileID: 4754664102619504, guid: 773fdcbd8f9b613428ed605e592a5f62, type: 3}
      propertyPath: m_LocalRotation.w
      value: 1
      objectReference: {fileID: 0}
    - target: {fileID: 4754664102619504, guid: 773fdcbd8f9b613428ed605e592a5f62, type: 3}
      propertyPath: m_LocalRotation.x
      value: -0
      objectReference: {fileID: 0}
    - target: {fileID: 4754664102619504, guid: 773fdcbd8f9b613428ed605e592a5f62, type: 3}
      propertyPath: m_LocalRotation.y
      value: -0
      objectReference: {fileID: 0}
    - target: {fileID: 4754664102619504, guid: 773fdcbd8f9b613428ed605e592a5f62, type: 3}
      propertyPath: m_LocalRotation.z
      value: -0
      objectReference: {fileID: 0}
    - target: {fileID: 4754664102619504, guid: 773fdcbd8f9b613428ed605e592a5f62, type: 3}
      propertyPath: m_LocalEulerAnglesHint.x
      value: 0
      objectReference: {fileID: 0}
    - target: {fileID: 4754664102619504, guid: 773fdcbd8f9b613428ed605e592a5f62, type: 3}
      propertyPath: m_LocalEulerAnglesHint.y
      value: 0
      objectReference: {fileID: 0}
    - target: {fileID: 4754664102619504, guid: 773fdcbd8f9b613428ed605e592a5f62, type: 3}
      propertyPath: m_LocalEulerAnglesHint.z
      value: 0
      objectReference: {fileID: 0}
    m_RemovedComponents: []
  m_SourcePrefab: {fileID: 100100000, guid: 773fdcbd8f9b613428ed605e592a5f62, type: 3}
--- !u!4 &1735391967 stripped
Transform:
  m_CorrespondingSourceObject: {fileID: 4754664102619504, guid: 773fdcbd8f9b613428ed605e592a5f62,
    type: 3}
  m_PrefabInstance: {fileID: 1735391966}
  m_PrefabAsset: {fileID: 0}
--- !u!1001 &1824245167
PrefabInstance:
  m_ObjectHideFlags: 0
  serializedVersion: 2
  m_Modification:
    m_TransformParent: {fileID: 436170874}
    m_Modifications:
    - target: {fileID: 1909370632137674, guid: 57b30364b5b0f4c4692a46782c14d2bd, type: 3}
      propertyPath: m_Name
      value: Broom
      objectReference: {fileID: 0}
    - target: {fileID: 4407747987311332, guid: 57b30364b5b0f4c4692a46782c14d2bd, type: 3}
      propertyPath: m_RootOrder
      value: 18
      objectReference: {fileID: 0}
    - target: {fileID: 4407747987311332, guid: 57b30364b5b0f4c4692a46782c14d2bd, type: 3}
      propertyPath: m_LocalPosition.x
      value: 1.1850319
      objectReference: {fileID: 0}
    - target: {fileID: 4407747987311332, guid: 57b30364b5b0f4c4692a46782c14d2bd, type: 3}
      propertyPath: m_LocalPosition.y
      value: -2.5572124
      objectReference: {fileID: 0}
    - target: {fileID: 4407747987311332, guid: 57b30364b5b0f4c4692a46782c14d2bd, type: 3}
      propertyPath: m_LocalPosition.z
      value: -6.442054
      objectReference: {fileID: 0}
    - target: {fileID: 4407747987311332, guid: 57b30364b5b0f4c4692a46782c14d2bd, type: 3}
      propertyPath: m_LocalRotation.w
      value: 1
      objectReference: {fileID: 0}
    - target: {fileID: 4407747987311332, guid: 57b30364b5b0f4c4692a46782c14d2bd, type: 3}
      propertyPath: m_LocalRotation.x
      value: -0
      objectReference: {fileID: 0}
    - target: {fileID: 4407747987311332, guid: 57b30364b5b0f4c4692a46782c14d2bd, type: 3}
      propertyPath: m_LocalRotation.y
      value: -0
      objectReference: {fileID: 0}
    - target: {fileID: 4407747987311332, guid: 57b30364b5b0f4c4692a46782c14d2bd, type: 3}
      propertyPath: m_LocalRotation.z
      value: -0
      objectReference: {fileID: 0}
    - target: {fileID: 4407747987311332, guid: 57b30364b5b0f4c4692a46782c14d2bd, type: 3}
      propertyPath: m_LocalEulerAnglesHint.x
      value: 0
      objectReference: {fileID: 0}
    - target: {fileID: 4407747987311332, guid: 57b30364b5b0f4c4692a46782c14d2bd, type: 3}
      propertyPath: m_LocalEulerAnglesHint.y
      value: 0
      objectReference: {fileID: 0}
    - target: {fileID: 4407747987311332, guid: 57b30364b5b0f4c4692a46782c14d2bd, type: 3}
      propertyPath: m_LocalEulerAnglesHint.z
      value: 0
      objectReference: {fileID: 0}
    m_RemovedComponents: []
  m_SourcePrefab: {fileID: 100100000, guid: 57b30364b5b0f4c4692a46782c14d2bd, type: 3}
--- !u!4 &1824245168 stripped
Transform:
  m_CorrespondingSourceObject: {fileID: 4407747987311332, guid: 57b30364b5b0f4c4692a46782c14d2bd,
    type: 3}
  m_PrefabInstance: {fileID: 1824245167}
  m_PrefabAsset: {fileID: 0}
--- !u!1001 &1911102498
PrefabInstance:
  m_ObjectHideFlags: 0
  serializedVersion: 2
  m_Modification:
    m_TransformParent: {fileID: 436170874}
    m_Modifications:
    - target: {fileID: 4017359017749981955, guid: fb539cc724255d2498155cd1c8c64d87,
        type: 3}
      propertyPath: m_RootOrder
      value: 23
      objectReference: {fileID: 0}
    - target: {fileID: 4017359017749981955, guid: fb539cc724255d2498155cd1c8c64d87,
        type: 3}
      propertyPath: m_LocalPosition.x
      value: 6.3595448
      objectReference: {fileID: 0}
    - target: {fileID: 4017359017749981955, guid: fb539cc724255d2498155cd1c8c64d87,
        type: 3}
      propertyPath: m_LocalPosition.y
      value: -2.725719
      objectReference: {fileID: 0}
    - target: {fileID: 4017359017749981955, guid: fb539cc724255d2498155cd1c8c64d87,
        type: 3}
      propertyPath: m_LocalPosition.z
      value: -22.236708
      objectReference: {fileID: 0}
    - target: {fileID: 4017359017749981955, guid: fb539cc724255d2498155cd1c8c64d87,
        type: 3}
      propertyPath: m_LocalRotation.w
      value: 1
      objectReference: {fileID: 0}
    - target: {fileID: 4017359017749981955, guid: fb539cc724255d2498155cd1c8c64d87,
        type: 3}
      propertyPath: m_LocalRotation.x
      value: 0.000000021855694
      objectReference: {fileID: 0}
    - target: {fileID: 4017359017749981955, guid: fb539cc724255d2498155cd1c8c64d87,
        type: 3}
      propertyPath: m_LocalRotation.y
      value: -0
      objectReference: {fileID: 0}
    - target: {fileID: 4017359017749981955, guid: fb539cc724255d2498155cd1c8c64d87,
        type: 3}
      propertyPath: m_LocalRotation.z
      value: -0
      objectReference: {fileID: 0}
    - target: {fileID: 4017359017749981955, guid: fb539cc724255d2498155cd1c8c64d87,
        type: 3}
      propertyPath: m_LocalEulerAnglesHint.x
      value: 0
      objectReference: {fileID: 0}
    - target: {fileID: 4017359017749981955, guid: fb539cc724255d2498155cd1c8c64d87,
        type: 3}
      propertyPath: m_LocalEulerAnglesHint.y
      value: 0
      objectReference: {fileID: 0}
    - target: {fileID: 4017359017749981955, guid: fb539cc724255d2498155cd1c8c64d87,
        type: 3}
      propertyPath: m_LocalEulerAnglesHint.z
      value: 0
      objectReference: {fileID: 0}
    - target: {fileID: 4017359017750083363, guid: fb539cc724255d2498155cd1c8c64d87,
        type: 3}
      propertyPath: m_Name
      value: Fantasy_House_6
      objectReference: {fileID: 0}
    m_RemovedComponents: []
  m_SourcePrefab: {fileID: 100100000, guid: fb539cc724255d2498155cd1c8c64d87, type: 3}
--- !u!4 &1911102499 stripped
Transform:
  m_CorrespondingSourceObject: {fileID: 4017359017749981955, guid: fb539cc724255d2498155cd1c8c64d87,
    type: 3}
  m_PrefabInstance: {fileID: 1911102498}
  m_PrefabAsset: {fileID: 0}
--- !u!1001 &1948604862
PrefabInstance:
  m_ObjectHideFlags: 0
  serializedVersion: 2
  m_Modification:
    m_TransformParent: {fileID: 436170874}
    m_Modifications:
    - target: {fileID: 1826526317462402, guid: 087a693ae9f07e6489ebeb1aa8717d12, type: 3}
      propertyPath: m_Name
      value: stool
      objectReference: {fileID: 0}
    - target: {fileID: 4816136196059634, guid: 087a693ae9f07e6489ebeb1aa8717d12, type: 3}
      propertyPath: m_RootOrder
      value: 12
      objectReference: {fileID: 0}
    - target: {fileID: 4816136196059634, guid: 087a693ae9f07e6489ebeb1aa8717d12, type: 3}
      propertyPath: m_LocalPosition.x
      value: -17.77405
      objectReference: {fileID: 0}
    - target: {fileID: 4816136196059634, guid: 087a693ae9f07e6489ebeb1aa8717d12, type: 3}
      propertyPath: m_LocalPosition.y
      value: -2.6651108
      objectReference: {fileID: 0}
    - target: {fileID: 4816136196059634, guid: 087a693ae9f07e6489ebeb1aa8717d12, type: 3}
      propertyPath: m_LocalPosition.z
      value: -6.734147
      objectReference: {fileID: 0}
    - target: {fileID: 4816136196059634, guid: 087a693ae9f07e6489ebeb1aa8717d12, type: 3}
      propertyPath: m_LocalRotation.w
      value: 1
      objectReference: {fileID: 0}
    - target: {fileID: 4816136196059634, guid: 087a693ae9f07e6489ebeb1aa8717d12, type: 3}
      propertyPath: m_LocalRotation.x
      value: -0
      objectReference: {fileID: 0}
    - target: {fileID: 4816136196059634, guid: 087a693ae9f07e6489ebeb1aa8717d12, type: 3}
      propertyPath: m_LocalRotation.y
      value: -0
      objectReference: {fileID: 0}
    - target: {fileID: 4816136196059634, guid: 087a693ae9f07e6489ebeb1aa8717d12, type: 3}
      propertyPath: m_LocalRotation.z
      value: -0
      objectReference: {fileID: 0}
    - target: {fileID: 4816136196059634, guid: 087a693ae9f07e6489ebeb1aa8717d12, type: 3}
      propertyPath: m_LocalEulerAnglesHint.x
      value: 0
      objectReference: {fileID: 0}
    - target: {fileID: 4816136196059634, guid: 087a693ae9f07e6489ebeb1aa8717d12, type: 3}
      propertyPath: m_LocalEulerAnglesHint.y
      value: 0
      objectReference: {fileID: 0}
    - target: {fileID: 4816136196059634, guid: 087a693ae9f07e6489ebeb1aa8717d12, type: 3}
      propertyPath: m_LocalEulerAnglesHint.z
      value: 0
      objectReference: {fileID: 0}
    m_RemovedComponents: []
  m_SourcePrefab: {fileID: 100100000, guid: 087a693ae9f07e6489ebeb1aa8717d12, type: 3}
--- !u!4 &1948604863 stripped
Transform:
  m_CorrespondingSourceObject: {fileID: 4816136196059634, guid: 087a693ae9f07e6489ebeb1aa8717d12,
    type: 3}
  m_PrefabInstance: {fileID: 1948604862}
  m_PrefabAsset: {fileID: 0}
--- !u!1001 &1953695413
PrefabInstance:
  m_ObjectHideFlags: 0
  serializedVersion: 2
  m_Modification:
    m_TransformParent: {fileID: 436170874}
    m_Modifications:
    - target: {fileID: 1244314636518450, guid: 1313ab7a160ccfd4c8d3fc4e33fdc2be, type: 3}
      propertyPath: m_Name
      value: vessel
      objectReference: {fileID: 0}
    - target: {fileID: 4710800644423170, guid: 1313ab7a160ccfd4c8d3fc4e33fdc2be, type: 3}
      propertyPath: m_RootOrder
      value: 9
      objectReference: {fileID: 0}
    - target: {fileID: 4710800644423170, guid: 1313ab7a160ccfd4c8d3fc4e33fdc2be, type: 3}
      propertyPath: m_LocalPosition.x
      value: 0.37461615
      objectReference: {fileID: 0}
    - target: {fileID: 4710800644423170, guid: 1313ab7a160ccfd4c8d3fc4e33fdc2be, type: 3}
      propertyPath: m_LocalPosition.y
      value: -2.7086945
      objectReference: {fileID: 0}
    - target: {fileID: 4710800644423170, guid: 1313ab7a160ccfd4c8d3fc4e33fdc2be, type: 3}
      propertyPath: m_LocalPosition.z
      value: -1.111126
      objectReference: {fileID: 0}
    - target: {fileID: 4710800644423170, guid: 1313ab7a160ccfd4c8d3fc4e33fdc2be, type: 3}
      propertyPath: m_LocalRotation.w
      value: 1
      objectReference: {fileID: 0}
    - target: {fileID: 4710800644423170, guid: 1313ab7a160ccfd4c8d3fc4e33fdc2be, type: 3}
      propertyPath: m_LocalRotation.x
      value: -0
      objectReference: {fileID: 0}
    - target: {fileID: 4710800644423170, guid: 1313ab7a160ccfd4c8d3fc4e33fdc2be, type: 3}
      propertyPath: m_LocalRotation.y
      value: -0
      objectReference: {fileID: 0}
    - target: {fileID: 4710800644423170, guid: 1313ab7a160ccfd4c8d3fc4e33fdc2be, type: 3}
      propertyPath: m_LocalRotation.z
      value: -0
      objectReference: {fileID: 0}
    - target: {fileID: 4710800644423170, guid: 1313ab7a160ccfd4c8d3fc4e33fdc2be, type: 3}
      propertyPath: m_LocalEulerAnglesHint.x
      value: 0
      objectReference: {fileID: 0}
    - target: {fileID: 4710800644423170, guid: 1313ab7a160ccfd4c8d3fc4e33fdc2be, type: 3}
      propertyPath: m_LocalEulerAnglesHint.y
      value: 0
      objectReference: {fileID: 0}
    - target: {fileID: 4710800644423170, guid: 1313ab7a160ccfd4c8d3fc4e33fdc2be, type: 3}
      propertyPath: m_LocalEulerAnglesHint.z
      value: 0
      objectReference: {fileID: 0}
    m_RemovedComponents: []
  m_SourcePrefab: {fileID: 100100000, guid: 1313ab7a160ccfd4c8d3fc4e33fdc2be, type: 3}
--- !u!4 &1953695414 stripped
Transform:
  m_CorrespondingSourceObject: {fileID: 4710800644423170, guid: 1313ab7a160ccfd4c8d3fc4e33fdc2be,
    type: 3}
  m_PrefabInstance: {fileID: 1953695413}
  m_PrefabAsset: {fileID: 0}
--- !u!1001 &2033400615
PrefabInstance:
  m_ObjectHideFlags: 0
  serializedVersion: 2
  m_Modification:
    m_TransformParent: {fileID: 436170874}
    m_Modifications:
    - target: {fileID: 3751664076813227439, guid: 06a73856414eeee49ace8246d9fc2b9b,
        type: 3}
      propertyPath: m_RootOrder
      value: 1
      objectReference: {fileID: 0}
    - target: {fileID: 3751664076813227439, guid: 06a73856414eeee49ace8246d9fc2b9b,
        type: 3}
      propertyPath: m_LocalScale.x
      value: 0.05
      objectReference: {fileID: 0}
    - target: {fileID: 3751664076813227439, guid: 06a73856414eeee49ace8246d9fc2b9b,
        type: 3}
      propertyPath: m_LocalScale.y
      value: 0.05
      objectReference: {fileID: 0}
    - target: {fileID: 3751664076813227439, guid: 06a73856414eeee49ace8246d9fc2b9b,
        type: 3}
      propertyPath: m_LocalScale.z
      value: 0.05
      objectReference: {fileID: 0}
    - target: {fileID: 3751664076813227439, guid: 06a73856414eeee49ace8246d9fc2b9b,
        type: 3}
      propertyPath: m_LocalPosition.x
      value: -21.119104
      objectReference: {fileID: 0}
    - target: {fileID: 3751664076813227439, guid: 06a73856414eeee49ace8246d9fc2b9b,
        type: 3}
      propertyPath: m_LocalPosition.y
      value: -3.165719
      objectReference: {fileID: 0}
    - target: {fileID: 3751664076813227439, guid: 06a73856414eeee49ace8246d9fc2b9b,
        type: 3}
      propertyPath: m_LocalPosition.z
      value: -2.4480038
      objectReference: {fileID: 0}
    - target: {fileID: 3751664076813227439, guid: 06a73856414eeee49ace8246d9fc2b9b,
        type: 3}
      propertyPath: m_LocalRotation.w
      value: 1
      objectReference: {fileID: 0}
    - target: {fileID: 3751664076813227439, guid: 06a73856414eeee49ace8246d9fc2b9b,
        type: 3}
      propertyPath: m_LocalRotation.x
      value: -0
      objectReference: {fileID: 0}
    - target: {fileID: 3751664076813227439, guid: 06a73856414eeee49ace8246d9fc2b9b,
        type: 3}
      propertyPath: m_LocalRotation.y
      value: -0
      objectReference: {fileID: 0}
    - target: {fileID: 3751664076813227439, guid: 06a73856414eeee49ace8246d9fc2b9b,
        type: 3}
      propertyPath: m_LocalRotation.z
      value: -0
      objectReference: {fileID: 0}
    - target: {fileID: 3751664076813227439, guid: 06a73856414eeee49ace8246d9fc2b9b,
        type: 3}
      propertyPath: m_LocalEulerAnglesHint.x
      value: 0
      objectReference: {fileID: 0}
    - target: {fileID: 3751664076813227439, guid: 06a73856414eeee49ace8246d9fc2b9b,
        type: 3}
      propertyPath: m_LocalEulerAnglesHint.y
      value: 0
      objectReference: {fileID: 0}
    - target: {fileID: 3751664076813227439, guid: 06a73856414eeee49ace8246d9fc2b9b,
        type: 3}
      propertyPath: m_LocalEulerAnglesHint.z
      value: 0
      objectReference: {fileID: 0}
    - target: {fileID: 4565319842289913621, guid: 06a73856414eeee49ace8246d9fc2b9b,
        type: 3}
      propertyPath: m_Name
      value: PF_MedievalSword
      objectReference: {fileID: 0}
    m_RemovedComponents: []
  m_SourcePrefab: {fileID: 100100000, guid: 06a73856414eeee49ace8246d9fc2b9b, type: 3}
--- !u!4 &2033400616 stripped
Transform:
  m_CorrespondingSourceObject: {fileID: 3751664076813227439, guid: 06a73856414eeee49ace8246d9fc2b9b,
    type: 3}
  m_PrefabInstance: {fileID: 2033400615}
  m_PrefabAsset: {fileID: 0}
